2932 5026
270 304 334 368 238
660 320 697 367 m
720 320 831 367 vmsn
854 320 1022 368 susurru
1136 300 1141 310 ’

270 464 334 527 589
359 467 433 528 ecta
455 466 506 528 est
529 462 580 527 vel
603 463 721 528 saltem
744 463 798 548 agi
821 466 947 548 coepta,
969 464 1116 548 profecto
1140 486 1205 531 non
1228 469 1280 530 est
1303 465 1420 551 quinta

270 593 290 634 a
316 575 414 653 poeta
440 569 543 653 fecta,
571 569 626 634 sed
655 570 803 635 secunda.
849 568 1110 636 Consentaneum
1138 576 1189 635 est
1210 571 1315 656 igitur
1338 571 1421 636 nibil

270 677 308 741 de
336 677 465 742 actione
492 676 549 741 illa
575 677 681 760 prima
703 677 733 741 ei
757 676 903 761 quisquis
926 677 989 741 suit
1011 677 1208 762 innotuisse,
1238 679 1295 762 qui
1319 678 1422 742 lacta·

269 807 341 848 rum
365 784 509 849 ordinem
532 785 565 848 in
589 782 749 849 Bembino
772 783 937 868 proditum
960 784 1113 849 instituit.
1150 783 1323 870 Similique
1345 806 1423 850 con·

268 892 394 957 dicione
417 891 585 956 Volcatius
609 914 686 956 usus
709 896 742 956 et
765 891 904 974 primam
927 895 961 955 et
983 890 1116 955 tertiam
1139 891 1328 976 ignorabat

359 999 461 1075 Quam
491 1003 598 1064 autem
630 999 787 1063 concinna
810 998 970 1063 brevitate
992 998 1026 1062 iu
1048 997 1133 1066 libro
1157 995 1205 1062 ‘de
1222 997 1337 1080 poetis'
1361 1020 1422 1065 suo

269 1105 344 1190 (nec
366 1107 453 1171 enim
476 1106 515 1170 de
538 1105 604 1171 elio
628 1103 851 1190 cogitandum)
870 1104 1040 1170 Volcatius
1059 1102 1225 1190 Sedigitas
1245 1105 1422 1171 materiam

269 1213 361 1277 illam
389 1234 530 1296 omnem,
557 1233 639 1295 quae
667 1211 707 1275 ad
730 1215 901 1294 poetarum
924 1215 959 1275 et
981 1211 1064 1276 vitas
1088 1215 1121 1275 et
1143 1211 1269 1295 scripta
1292 1218 1422 1296 speetu-

271 1323 335 1403 but,
358 1320 542 1403 complexus
567 1317 619 1401 sit,
642 1339 715 1383 cum
737 1318 809 1402 ipsa
832 1318 871 1383 de
890 1318 1020 1403 Hecyra
1042 1318 1200 1384 memoria
1217 1319 1279 1383 illa
1298 1317 1422 1385 indicio

269 1432 332 1511 est,
364 1432 434 1491 tum
461 1427 490 1490 ei
520 1424 637 1509 quide
666 1429 770 1489 morte
793 1424 938 1490 Terentii
967 1429 1034 1489 tres
1063 1425 1180 1491 senarii
1209 1424 1307 1490 infra
1320 1426 1421 1510 positi

270 1539 345 1599 sunt
368 1557 388 1598 a
412 1532 577 1615 Suetonio,
601 1538 671 1597 tum
693 1533 791 1617 longe
815 1519 1073 1597 luculentissimo
1096 1532 1292 1598 documento
1315 1531 1423 1599 trade

268 1642 331 1706 cim
360 1641 479 1705 senarii
507 1639 558 1703 illi
585 1645 715 1705 exstant
745 1662 765 1703 a
788 1637 894 1704 Gellio
917 1639 1037 1722 proditi
1060 1640 1167 1722 capite
1190 1640 1235 1704 24
1257 1638 1337 1704 libri
1363 1658 1422 1721 xv,

268 1748 384 1832 quibus
408 1746 593 1813 comoediae
616 1747 769 1829 palliatae
792 1746 898 1829 poetis
922 1767 1016 1809 suum
1035 1745 1172 1830 singulis
1190 1745 1335 1830 pretium
1356 1750 1422 1812 sta·

267 1855 379 1919 tuitur.
424 1854 516 1919 Vnde
544 1875 678 1937 prorsus
707 1853 875 1937 probabile
903 1854 946 1918 fic
968 1854 1001 1917 in
1026 1852 1194 1918 tractando
1222 1858 1422 1938 argumento

268 1961 448 2047 Sedigitum
479 1961 513 2026 id
545 1960 671 2026 consilii
705 1965 849 2024 secutum
877 1982 948 2024 esse
978 1964 1016 2024 ut
1042 1959 1172 2024 omissis
1202 1961 1422 2027 ratiocinandi

215 2077 256 2117 ⁶⁰²
269 2067 533 2152 disceptandique
556 2068 748 2152 ambagibus
773 2067 922 2132 omnibus
945 2066 1052 2149 ipsam
1075 2065 1123 2130 rei
1143 2088 1315 2151 summam,
1340 2089 1421 2152 qua·

269 2176 332 2239 lem
360 2175 469 2239 animo
498 2196 555 2239 suo
582 2172 844 2258 informasset*),
877 2172 1070 2238 brevissimo
1100 2194 1133 2237 m
1159 2180 1336 2258 conspectu
1362 2197 1421 2260 po-

268 2287 369 2346 neret
414 2280 498 2345 Hinc
525 2280 627 2366 igitur
653 2286 740 2345 recte
768 2280 949 2345 existimari
977 2279 1016 2344 de
1039 2280 1106 2344 illis
1128 2280 1252 2364 poterit
1274 2303 1362 2366 quae
1386 2285 1419 2349 in

268 2389 359 2453 libris
387 2390 433 2453 sic
461 2389 582 2471 scripta
609 2392 698 2452 sunt:
729 2389 874 2469 emmelis
903 2387 1059 2452 Valentius
1079 2388 1116 2452 de
1137 2390 1422 2455 enumeratione

267 2498 406 2561 menium
431 2499 478 2561 itu
504 2495 629 2580 screbat
655 2495 720 2559 nisi
750 2494 835 2579 quod
861 2496 1110 2560 mastmerate'one
1131 2498 1224 2559 vetus
1248 2494 1420 2563 Parisinus

266 2603 406 2669 exhibet.
458 2604 546 2680 Quae
578 2604 679 2668 verba
711 2603 842 2667 omnino
874 2602 1023 2686 intellegi
1055 2602 1150 2666 aliter
1181 2624 1246 2666 non
1277 2608 1421 2687 possunt

266 2711 328 2774 nisi
352 2717 389 2775 ut
412 2711 520 2796 aliquo
544 2712 649 2795 capite
672 2710 746 2774 libri
770 2709 819 2773 sui
843 2707 1007 2793 Sedigitus
1030 2712 1164 2792 putetur
1186 2707 1296 2774 dedita
1315 2731 1420 2794 opera

267 2818 343 2881 illud
375 2818 587 2902 disceptasse,
620 2839 683 2902 quo
711 2816 822 2881 ordine
851 2814 998 2900 singulae
1027 2814 1170 2879 Terentii
1196 2814 1331 2880 fabulae
1358 2838 1419 2882 nu·

267 2924 438 2989 merendae
466 2926 517 2989 vel
545 2923 780 2989 enumerandae
808 2926 918 2986 essent
945 2921 975 2986 h.
1004 2943 1031 2985 e.
1059 2943 1123 3005 quo
1151 2942 1186 2985 se
1208 2921 1322 2987 ordine
1348 2924 1419 2989 sive

268 3036 360 3095 actae
384 3031 451 3094 sive
472 3031 578 3095 factae
598 3029 809 3112 excepissent.
846 3028 883 3093 Id
903 3033 1012 3093 autem
1030 3027 1191 3092 neminem
1210 3028 1298 3113 sugit
1317 3051 1417 3114 quam

268 3137 309 3200 sb
333 3159 370 3201 eo
394 3136 528 3201 consilio
552 3133 702 3221 Sedigiti,
725 3135 820 3220 quale
844 3140 940 3200 antea
962 3134 1205 3217 descripsimus,
1228 3133 1419 3203 abhorreat.

267 3243 480 3309 Enumeravit
514 3243 541 3308 is
577 3243 660 3326 ipse,
695 3265 760 3306 non
797 3225 866 3328 egit
903 3243 942 3306 de
975 3240 1230 3306 enumeratione:
1267 3263 1348 3306 nam
1378 3244 1418 3309 de

265 3352 477 3416 acceleratione
506 3352 558 3416 vel
585 3355 758 3435 propterea
785 3349 1001 3414 reiectaneum
1025 3347 1184 3432 estquod
1208 3346 1417 3415 ‘nmatio-

265 3458 347 3524 ncm'
378 3481 444 3524 non
473 3459 621 3524 novimus
654 3458 753 3522 elium
784 3457 905 3522 dictam
935 3456 997 3520 nisi
1026 3455 1220 3519 solutionem
1247 3455 1416 3538 pecuniae.

266 3567 355 3651 Ergo
380 3567 464 3651 quod
489 3566 681 3651 requirimus
704 3587 771 3629 non
793 3569 844 3629 est
866 3567 907 3629 sle
926 3563 1177 3645 enumeratione,
1201 3560 1257 3626 sed
1276 3563 1318 3626 s'ss
1337 3584 1416 3627 enn-

267 3673 444 3736 meratione
472 3672 589 3755 potius.
639 3671 709 3747 Quo
736 3675 846 3735 tamen
876 3671 938 3735 etsi
963 3670 1042 3734 satis
1065 3670 1102 3734 fit
1125 3668 1316 3752 sententiae,
1348 3691 1417 3736 non

337 3883 362 3950 *)
382 3882 524 3950 Quaedam
544 3885 638 3939 autem
657 3881 726 3936 satis
745 3881 824 3936 illum
844 3879 1011 3935 mirabiliter
1029 3878 1082 3934 sibi
1100 3877 1266 3934 informasse
1284 3878 1350 3949 ipsa
1362 3878 1416 3935 ille

266 3990 385 4029 censura
403 3977 547 4044 poetarum
566 3974 657 4042 docet,
677 3973 706 4027 in
720 3988 776 4041 qua
790 3971 963 4041 expedienda
976 3969 1207 4037 defendendaque
1221 3984 1338 4038 operam
1352 3985 1416 4038 pes·

266 4061 368 4116 didisse
387 4063 577 4133 badewigium
597 4066 672 4133 puto⁴
691 4061 873 4116 -Ceterum
892 4077 1020 4115 versuum
1035 4058 1149 4113 illorum
1162 4056 1315 4126 septimum
1329 4056 1415 4113 veba-

266 4153 373 4206 menter
395 4152 498 4207 suadeo
521 4151 554 4205 ut
575 4150 705 4205 desinant
726 4149 814 4203 talem
838 4148 968 4203 exhibere
992 4148 1067 4201 Dein
1084 4145 1225 4213 Naeuius,
1248 4147 1417 4215 pulsasset,

261 4241 352 4308 pretio
371 4242 403 4293 s'ss
421 4241 537 4294 lertiost:
555 4256 610 4309 quo
629 4239 714 4294 etiam
733 4237 813 4307 peius
832 4237 882 4291 alii
901 4240 950 4306 qus'
967 4239 1049 4304 ferret
1064 4235 1186 4305 pretium
1199 4236 1319 4288 tertiam.
1351 4235 1418 4289 Vna

265 4346 309 4383 me
330 4328 421 4381 iudice
439 4327 585 4397 probanda
603 4329 672 4383 haec
692 4345 785 4381 remus
804 4328 906 4381 forma:
933 4327 1007 4380 Dein
1025 4325 1160 4392 Naeuium,
1178 4324 1228 4393 qai
1245 4328 1336 4377 serm
1350 4339 1418 4392 prs·

265 4421 342 4487 lium,
362 4418 477 4472 lmiust.
