2956 5018
207 294 273 357 270
597 308 634 354 nr
658 307 768 354 vrrnu
792 287 983 354 rsaaurn'

207 451 293 515 mine
317 450 416 515 etiam
437 448 675 533 ‘quaestionem
698 447 853 513 actionis'
872 433 950 513 dici:
974 448 1007 512 id
1030 447 1131 534 igitur
1149 450 1251 532 caput
1265 446 1355 513 Artis

208 557 387 642 Valgianae
416 556 525 641 aliqua
555 556 813 640 breviloquentia
837 557 904 621 sive
928 540 1051 621 Donati
1075 554 1142 620 sire
1166 555 1238 621 eius
1262 577 1355 641 quem

153 680 193 720 5³0
207 664 262 728 ille
282 665 447 728 auctorem
466 666 595 727 secutus
615 662 659 727 sit
677 661 723 727 ‘ia
741 661 873 728 actwne'
893 662 1000 728 verbis
1020 661 1169 726 indicari:
1188 662 1256 726 nisi
1274 661 1355 728 forte

206 771 240 835 in
274 791 312 834 ea
344 769 443 833 verba
474 768 644 852 pristinam
678 767 723 834 ‘ia
752 767 969 835 translationc'
1003 768 1200 853 scripturam
1233 768 1355 834 librari

207 877 420 959 corruperint.
465 874 556 940 Haec
583 879 692 941 autem
722 877 831 940 omnia
854 897 951 960 quam
975 875 1057 940 miro
1082 874 1258 961 argutandi
1282 874 1355 941 arti·

207 983 279 1048 ficio
304 981 488 1067 excogitata
510 981 586 1066 sint,
609 1004 668 1047 nec
692 1005 885 1067 quemquam
908 982 1016 1067 fugiat
1039 980 1096 1065 qui
1118 964 1271 1066 aliquem
1288 1003 1355 1048 een·

111 1125 113 1128 ⁴
207 1111 278 1153 sum
302 1087 517 1172 simplicitatis
540 1088 669 1172 habeat,
692 1110 750 1153 uec
773 1088 951 1153 Henricnm
965 1087 1107 1153 Keilium
1130 1087 1220 1173 fugit
1232 1086 1353 1172 Vngeri

207 1197 408 1260 coniecturas
441 1195 613 1259 sanissimo
646 1194 764 1259 iudicio
797 1195 1042 1279 impugnantem
1074 1193 1108 1258 in
1130 1192 1273 1278 Ephem.
1296 1194 1352 1259 litt

207 1302 339 1367 Halens.
367 1325 395 1368 a
421 1301 506 1368 1849
535 1324 577 1366 m.
599 1299 694 1364 Mart.
722 1286 757 1384 pJ
776 1300 850 1365 470.
895 1298 969 1383 Ipse
998 1302 1106 1364 antem
1131 1299 1261 1365 Keiliue
1284 1322 1350 1366 cum

207 1407 245 1473 de
273 1408 498 1474 substituendo
527 1406 670 1471 Valerius
697 1405 826 1471 nomine
855 1406 1054 1489 suspicatur,
1086 1406 1143 1471 sed
1171 1407 1352 1491 suspicatur

208 1515 454 1598 modestissime,
478 1514 592 1579 dubito
611 1534 689 1578 num
708 1512 784 1577 fidei
803 1512 883 1576 satis
903 1513 1090 1578 inventurus
1109 1513 1161 1578 sit.
1191 1511 1351 1599 Scriptum

208 1625 258 1685 est
282 1643 358 1685 sane
382 1643 445 1714 uno
470 1621 504 1685 in
526 1620 597 1685 loco
622 1619 708 1684 vitae
732 1616 948 1684 Suetonianae
971 1641 1002 1703 p.
1012 1618 1101 1703 29,5
1129 1619 1276 1686 Valerius
1297 1641 1352 1705 pro

213 1728 371 1794 Vulcatius
401 1728 434 1792 in
462 1726 683 1811 Neapolitano
717 1727 838 1792 codice:
876 1726 931 1791 sed
962 1726 1065 1792 altera
1094 1749 1133 1792 ex
1163 1731 1259 1811 parte
1288 1732 1352 1792 tam

207 1834 341 1919 vulgare
369 1855 486 1899 nomen
510 1833 605 1917 quale
628 1839 679 1899 est
708 1834 851 1900 Valerius
878 1834 913 1898 in
936 1836 1004 1898 tam
1028 1834 1256 1900 absconditam
1284 1833 1353 1901 Val-

207 1941 303 2022 lcpius
325 1938 465 2005 formam
487 1939 645 2004 transisse
668 1962 733 2005 non
756 1943 806 2004 est
829 1939 945 2003 saltem
969 1939 1062 2004 valde
1081 1939 1188 2005 simile
1206 1940 1285 2006 veri.
1312 1940 1355 2006 ut

207 2046 258 2109 vel
282 2047 328 2110 sic
351 2045 571 2130 indagandum
593 2049 708 2125 restet,
737 2068 799 2130 quo
822 2046 856 2111 in
880 2045 965 2110 libro
989 2045 1065 2111 illos
1088 2047 1270 2112 versiculos
1284 2044 1354 2113 ἣν

208 2153 307 2217 larius
331 2150 474 2216 Soranus
503 2150 602 2237 (hunc
632 2152 717 2217 enim
741 2174 834 2217 suum
858 2150 983 2216 Keilins
1006 2135 1177 2218 Valerium
1199 2153 1355 2239 interpre-

207 2255 310 2343 tatur)
334 2258 480 2342 posuisse
504 2259 664 2343 videatur,
692 2259 782 2324 cuius
807 2258 949 2343 aliquam
973 2257 1149 2324 ‘actioW'
1173 2259 1275 2327 fuisse
1297 2281 1355 2325 nec

207 2363 401 2430 testimonio
421 2386 481 2430 nec
510 2365 628 2431 indicio
657 2365 724 2431 ullo
749 2369 883 2431 constet.
928 2363 997 2430 Nec
1020 2367 1128 2450 magis
1151 2366 1191 2431 de
1214 2365 1355 2433 ‘satira'

207 2477 345 2556 constat,
368 2494 448 2557 quas
473 2473 502 2536 ei
526 2495 585 2537 suo
608 2473 750 2556 periculo
774 2471 925 2556 Meyerus
949 2473 983 2536 in
1006 2469 1072 2538 Cic.
1095 2472 1188 2538 Brut
1210 2474 1267 2557 46,
1292 2473 1353 2539 169

207 2579 322 2645 tribuit
344 2602 375 2663 p.
385 2578 461 2643 145:
484 2599 680 2662 quamquam
703 2578 870 2643 fatendum
894 2582 943 2642 est
966 2579 1046 2643 item
1070 2578 1111 2643 ad
1134 2580 1353 2646 cadllandum

207 2690 348 2750 veterem
372 2688 501 2769 poetam
525 2706 653 2748 versum
676 2683 779 2768 illum,
803 2689 835 2749 et
856 2684 1080 2749 hexametrum
1103 2686 1244 2770 quidem,
1267 2708 1355 2772 spec-

207 2797 276 2857 tare
299 2815 394 2877 quem
418 2813 435 2856 e
459 2790 626 2856 ‘Valerio'
650 2789 755 2856 Varro
779 2790 922 2874 prodidit
945 2791 984 2856 de
1008 2792 1029 2857 l.
1043 2793 1100 2857 lat
1114 2793 1216 2876 x‚70:
1240 2793 1355 2859 Aeaea

206 2900 368 2964 Hectorem
390 2899 470 2964 nolet
490 2899 597 2983 sacac,
616 2898 751 2963 Hectora
769 2898 869 2962 croht.
887 2935 923 2943 —
942 2895 1095 2983 Superest
1115 2904 1150 2965 ut
1169 2920 1244 2964 cum
1258 2898 1355 2965 Scho-

206 3028 291 3089 peno
314 3004 500 3088 sentiamus,
523 3005 561 3069 de
585 3004 650 3068 illis
673 3026 754 3087 quae
778 3009 856 3069 sunt
878 3007 913 3068 in
931 3006 1048 3070 actione
1071 3007 1150 3072 satis
1175 3009 1208 3071 et
1231 3005 1355 3091 simpli·

157 3170 165 3184 ,
206 3113 287 3176 citer
319 3115 352 3175 et
384 3110 425 3174 ad
442 3110 711 3194 persuadendum
740 3112 890 3194 apposite
919 3111 965 3176 sic
995 3112 1221 3178 ratiocinante.
1267 3111 1355 3178 Fieri

207 3218 292 3283 enim
320 3239 417 3302 posse
445 3221 483 3281 ut
509 3218 577 3282 eive
600 3217 712 3302 Valgii
741 3218 806 3282 sire
836 3219 919 3282 alius
948 3218 1121 3284 cuiuslibet
1152 3218 1238 3283 liber
1260 3206 1355 3305 (sire

207 3324 328 3390 finitius
353 3323 531 3390 ‘libellum'
555 3320 688 3409 dixeris)
708 3324 852 3389 extiterit
871 3323 989 3389 ‘Actio'
1008 3324 1193 3410 inscriptus,
1213 3346 1280 3410 quo
1299 3323 1354 3390 ille

207 3436 351 3497 veterum
378 3437 547 3517 poetarum
575 3430 662 3495 furta
690 3430 741 3494 vel
763 3431 873 3495 nescio
897 3452 977 3516 quas
1001 3429 1083 3495 alias
1107 3431 1219 3515 culpas
1244 3431 1354 3518 exagi-

206 3540 324 3605 taverit
346 3539 407 3604 hac
424 3538 531 3604 forma
550 3562 638 3621 usus,
662 3541 697 3602 nt
716 3542 881 3621 tamquam
902 3542 1072 3603 accusator
1090 3537 1237 3622 prodiret
1255 3538 1355 3603 actio·

206 3668 343 3732 nemque
374 3644 437 3707 reis
470 3644 664 3709 intenderet:
701 3666 869 3709 censuram
902 3644 1019 3709 saltem
1051 3648 1222 3728 poetarum
1256 3645 1355 3709 etiam

207 3750 394 3816 Ciceronem
418 3749 524 3834 egisse
547 3748 649 3813 videri
668 3748 702 3813 in
720 3748 854 3815 Limone
874 3749 1017 3834 itemque
1036 3750 1286 3834 respondentem
1305 3749 1355 3815 illi

208 3855 270 3944 (Ἧι
294 3854 440 3943 qereqrce’)
469 3853 651 3921 Gaesarem.
702 3854 762 3921 Sed
793 3857 892 3922 etiam
920 3879 983 3942 quo
1012 3857 1143 3923 nomine
1170 3856 1271 3924 fuerit
1299 3856 1355 3942 qui

207 3965 306 4031 talem
330 3964 449 4029 librum
473 3964 622 4048 ediderit,
644 3986 711 4031 non
735 3963 804 4028 sine
827 3964 1063 4047 probabilitate
1082 3984 1100 4028 e
1117 3963 1279 4029 librorum
1302 3984 1355 4028 re-

207 4063 312 4156 stigiis
341 4070 495 4154 Vallatus
516 4071 721 4156 prodentium
744 4092 840 4153 posse
864 4071 932 4135 erui
956 4071 1091 4135 videtur.
1138 4069 1266 4154 Quippe
1288 4092 1354 4136 uno

143 4216 163 4253 .
206 4179 382 4260 eodemque
400 4179 543 4260 tempore
563 4177 718 4259 Vapcllias
735 4176 877 4239 nominis
902 4175 942 4240 ad
965 4175 1024 4239 illa
1044 4176 1185 4261 vestigia
1207 4175 1354 4259 proxime

207 4283 387 4350 accedentis
411 4287 444 4347 et
467 4283 663 4348 Ribbeckius
687 4287 720 4347 et
743 4281 959 4347 Buechelerus
983 4281 1234 4347 admonuerunt:
1263 4281 1353 4347 errius

207 4391 394 4456 memoriam
418 4389 466 4453 illi
489 4388 651 4454 Iuvenalis
675 4392 883 4474 suggesserat
906 4387 975 4453 Sat.
988 4406 1062 4473 xul,
1080 4389 1142 4454 119
1161 4391 1195 4453 et
1213 4405 1286 4474 xvl,
1300 4387 1354 4471 23,
