2932 5026
498 315 770 364 nrscrcnrusavu
794 315 919 365 nmms.
1217 302 1283 369 375

159 503 187 519 ..
205 507 213 520 .
229 457 299 522 olim
316 456 408 523 XVI
424 459 531 539 sumac,
549 463 656 542 possa
677 478 715 523 ec
735 459 891 541 complue
912 460 1037 524 additas
1058 460 1143 527 alias
1165 462 1283 529 siccas

152 562 285 642 elferius
302 563 442 630 XXIII.
465 564 609 631 babeam
630 565 686 630 boc
708 566 743 629 iu
765 565 854 631 libris
875 567 919 630 ud
940 568 1070 632 Accium
1092 570 1178 650 aprrd
1205 569 1282 634 Var-

147 688 250 749 runcrr,
269 675 300 736 cl
320 691 376 736 ων
398 675 442 737 tot
461 672 526 737 sint
546 678 576 736 ct
596 693 693 754 qums
714 693 747 737 cc
770 673 877 737 ordine
891 674 1009 755 porticu
1026 678 1056 738 et
1071 694 1168 755 querc
1185 676 1281 741 udan

115 777 310 843 'sominsbus
330 784 482 843 mombar.
527 778 610 844 ltam
633 801 663 862 p.
687 779 743 843 27:
783 779 882 843 Varro
908 780 992 845 doceb
1018 781 1053 844 iu
1080 781 1155 846 aliis
1182 782 1280 868 labris,
1294 809 1320 849 rs

137 904 212 967 quos
222 884 402 950 addaram
409 886 540 967 scripsit,
553 885 745 969 (liblcrusffi
751 885 799 950 VI
807 886 913 967 scissa
922 891 1029 968 postca
1043 892 1145 953 turrecr
1155 890 1281 955 necnec

136 991 283 1071 cfccoa
304 1012 368 1058 esse
390 991 530 1057 XXIII.
575 989 731 1075 (Aliunde
758 997 868 1058 tamen
894 1014 1043 1058 manasse
1066 995 1218 1059 videntur
1240 995 1279 1060 de

134 1099 307 1184 maribus
330 1120 348 1164 a
372 1098 518 1164 Varrone
541 1103 694 1182 excerpts
716 1122 747 1184 p.
774 1099 859 1183 143.)
901 1100 1033 1165 Hiscine
1056 1101 1163 1184 aptior
1186 1124 1277 1167 exco-

135 1203 233 1289 gitsri
260 1204 350 1270 locus
379 1209 489 1289 potest
517 1227 616 1289 quarn
646 1204 685 1269 (le
715 1207 841 1291 origine
871 1207 990 1272 latinae
1021 1208 1151 1292 linguae
1179 1208 1277 1273 libri?

137 1309 263 1394 quando
290 1332 351 1376 nec
379 1312 417 1377 dc
442 1312 650 1394 crammelino
679 1312 788 1395 plures
814 1311 917 1378 Varro
946 1313 1062 1395 libros,
1093 1314 1149 1378 sed
1178 1337 1277 1380 unum

140 1417 330 1499 singularem
355 1418 553 1501 composuit,
575 1439 636 1483 nec
659 1418 692 1482 in
715 1419 956 1483 commentariis
979 1419 1018 1482 de
1041 1420 1153 1505 lingua
1174 1421 1277 1487 latina

142 1524 254 1588 nostris
280 1546 319 1590 ea
346 1525 540 1609 disputatio,
571 1547 654 1609 quae
677 1526 806 1590 institui
830 1526 870 1590 de
893 1526 1011 1590 litteris
1035 1527 1157 1610 potuit,
1188 1527 1275 1594 ultra

144 1629 241 1711 ipsun
267 1631 408 1714 primum
438 1630 558 1696 librum
588 1636 698 1716 potest
728 1632 886 1716 producta
915 1655 994 1698 esse.
1046 1632 1145 1698 Vides
1176 1657 1273 1719 quam

145 1735 245 1801 omniu
265 1741 339 1821 spte
361 1738 449 1803 inter
472 1760 507 1803 se
530 1744 659 1821 coeant,
692 1744 728 1803 ut
751 1738 930 1804 Varronem
953 1741 989 1804 dc
1011 1740 1129 1822 orupinc
1151 1741 1275 1823 liupaac

147 1839 251 1908 latinae
266 1843 358 1910 lrbrcs
375 1846 420 1910 ad
431 1846 561 1910 Accium
579 1845 747 1928 scripsisse
766 1845 860 1909 nobis
881 1846 1138 1930 persuadeamus,
1156 1847 1273 1931 quibus

148 1966 190 2009 ²⁸
210 1970 272 2033 pura
298 1952 547 2037 grammaticae,
578 1973 660 2035 quae
689 1955 739 2015 est
767 1951 806 2015 de
833 1951 966 2034 litteris,
999 1953 1173 2035 praecipua
1196 1975 1273 2018 cura

149 2058 392 2132 pessumam.
424 2058 580 2134 Quocirca
595 2057 776 2122 coniunctis
790 2057 968 2141 Diomedis,
981 2059 1139 2123 Prisciani
1154 2059 1273 2142 ipsius·

150 2176 207 2239 que
215 2164 337 2248 Apnlaii
359 2165 558 2230 testimoniis
581 2186 647 2229 non
670 2165 791 2248 poterit
812 2186 878 2230 non
897 2165 1008 2231 cedere
1027 2166 1125 2231 semel
1145 2169 1272 2229 tanturn

151 2261 289 2351 circumi
324 2292 460 2337 numero
496 2276 766 2337 commemoratus
803 2271 888 2355 apud
926 2271 1060 2336 eundem
1098 2272 1272 2356 Apuleium

150 2361 252 2460 hlefi)
284 2375 355 2443 Nec
374 2377 425 2443 vel
444 2381 535 2442 aetas
553 2376 590 2441 L.
603 2377 696 2442 Accii
715 2382 832 2460 poetae
856 2381 1016 2461 repugnat
1034 2379 1085 2442 vel
1104 2378 1271 2463 ingenium

149 2466 308 2550 dunler:
339 2484 409 2549 seni
437 2485 538 2568 enim,
569 2507 665 2569 quem
688 2488 817 2550 constat
840 2508 859 2548 a
882 2484 1048 2548 doctrinae
1071 2485 1189 2549 studiis
1214 2486 1271 2549 mi-

146 2576 220 2653 nine
242 2591 382 2656 alienum
405 2592 520 2675 fuisse,
544 2593 672 2657 mittere
696 2591 801 2656 Varro
826 2591 1012 2655 adulescens
1037 2593 1153 2675 potuit,
1177 2614 1271 2677 quern

144 2699 255 2761 mature
278 2698 420 2762 scribere
444 2699 587 2781 coepisse
607 2700 687 2762 satis
708 2704 757 2763 est
777 2702 1038 2762 consentaneum.
1062 2699 1166 2774 Quid?
1186 2700 1271 2783 quod

142 2794 184 2858 lel
202 2802 384 2870 Ciceronem
399 2803 544 2869 Varrone
568 2806 736 2889 aliquanto
761 2807 917 2870 minorem
941 2807 1059 2871 scimus
1084 2828 1155 2868 cum
1171 2805 1270 2871 Accio

140 2898 367 2976 “dulescentem
386 2913 581 2976 collocutum
601 2935 680 2977 esse.
713 2912 781 2976 Noc
800 2913 880 2976 illud
900 2914 1003 2977 iustae
1022 2914 1191 2976 ollcnsioni
1212 2919 1270 2993 est,

138 3018 217 3084 lund
247 3019 278 3083 in
312 3019 433 3084 eisd'em
466 3021 705 3085 commentariis
739 3021 840 3104 ipsius
864 3021 969 3103 Accii,
1002 3026 1037 3084 ut
1069 3043 1085 3084 e
1113 3019 1269 3085 Prisciani

137 3125 236 3188 lssrbis
254 3126 397 3209 discitur,
420 3129 541 3192 mentio
560 3130 645 3193 facta
666 3134 743 3192 erat.
776 3129 826 3193 Ex
845 3128 896 3191 his
917 3138 1024 3193 autem
1045 3129 1150 3213 magis
1169 3129 1268 3191 etiarn

135 3233 334 3315 perspicitur,
366 3256 464 3317 quarn
493 3242 595 3298 semet
623 3235 789 3319 indignam
818 3236 1034 3299 coniecturam
1059 3235 1269 3298 ltnlmkcnius

134 3341 329 3421 [imposuerit
348 3342 432 3424 apud
453 3341 691 3425 Heusingerum
711 3341 815 3404 llallii
836 3341 996 3404 'l'huoclori
1016 3341 1165 3403 demetr.
1185 3363 1215 3422 p.
1226 3342 1267 3403 iil

134 3429 245 3511 lGaisf.
268 3446 360 3511 Metr.
385 3470 415 3530 p.
434 3448 512 3529 5363)
537 3448 574 3511 do
591 3448 746 3512 Varronis
770 3450 812 3511 ud
834 3450 969 3510 clllicuru
996 3447 1086 3510 libris
1111 3447 1268 3529 cogitans,

135 3552 240 3631 ulpote
267 3555 317 3618 cui
347 3553 480 3639 (mirum
511 3555 612 3634 dictul
643 3555 798 3619 Varronis
830 3555 868 3617 do
899 3555 965 3617 vitu
996 3553 1105 3637 populi
1129 3553 1266 3617 Romani

137 3645 212 3721 libri
225 3660 366 3744 inscripti
387 3661 532 3726 fuissent.
566 3664 668 3738 (luam
689 3663 905 3727 coniecturam
921 3663 1037 3726 merito
1053 3684 1123 3725 curn
1140 3659 1267 3725 Schnei-

221 3888 243 3954 *l
264 3889 373 3944 Similia
396 3893 462 3945 sunt
486 3893 613 3962 exempla
636 3893 703 3946 libcr
726 3892 905 3958 cplurncriclos
922 3893 1055 3951 (curulis)
1074 3891 1101 3944 in
1121 3891 1267 3945 ltincrario

150 3966 215 4027 nm
229 3976 261 4032 u.
277 3997 300 4033 c.
311 3987 335 4047 6,
354 3997 448 4049 aquo
468 3998 521 4036 non
542 3982 644 4035 divorsi
664 3982 729 4034 libri
750 3981 858 4033 crurales
879 3980 989 4049 Vegetii
1000 3980 1032 4046 V,
1045 3987 1089 4045 11;
1109 3980 1177 4034 item
1191 3981 1266 4049 apud

154 4051 282 4120 Chnrlsium
300 4086 326 4137 p.
350 4075 400 4122 113
426 4070 568 4124 ‘inscribit
594 4071 681 4124 Varro
705 4071 805 4124 libram
828 4088 907 4122 crisim
926 4071 958 4123 de
973 4070 1132 4138 poematis',
1156 4069 1266 4122 collatis

157 4151 226 4208 bll-
248 4161 299 4211 105.
328 4164 392 4225 114,
419 4157 466 4211 ubi
486 4158 617 4213 Varronis
643 4159 714 4213 libor
739 4157 875 4212 socundus·
902 4162 930 4210 ct
955 4157 1054 4211 tertius
1080 4158 1112 4211 dc
1134 4160 1266 4226 pecoralis

160 4244 383 4301 commemorantur.
423 4246 507 4301 Aliud
536 4248 692 4316 exemplum
722 4248 902 4301 rcccrdabcrc.
929 4264 943 4301 e
972 4253 1030 4311 δῖ.
1074 4250 1103 4301 ln
1132 4246 1266 4301 Macrobii

162 4332 244 4392 quoque
259 4333 310 4390 Sat.
330 4338 350 4403 l,
374 4345 404 4391 16
428 4355 520 4392 errore
546 4338 672 4391 nituntur
695 4356 833 4407 (cupiarum
857 4339 934 4392 libri:
963 4338 997 4391 (lc
1021 4338 1172 4407 auguribus
1191 4336 1265 4390 onim

162 4419 198 4463 ⁰¹¹⁰
213 4415 307 4478 tantum
326 4425 398 4482 libro
418 4426 521 4482 llcrum
540 4427 697 4482 divinarum
719 4428 806 4482 Varro
826 4428 1028 4481 commentatus
1047 4429 1096 4480 cst.
