2932 5026
164 310 231 376 354
583 328 631 375 nn
655 328 690 374 11.
714 327 888 375 vsuuoms

164 472 350 553 baptismam
372 467 415 554 (a.
439 468 519 556 387)
536 477 743 552 pcrceptmas,
766 472 858 534 ctmm
881 469 1174 551 disciplinarum
1197 469 1237 534 lit

164 583 291 642 comatos
312 597 383 642 sum
404 577 533 641 scrihere
555 627 562 642 .
586 628 593 642 .
617 628 624 641 .
649 628 655 641 .
680 598 739 659 per
761 577 934 658 corporalia
961 579 1086 659 arpims
1108 579 1153 641 ad
1173 579 1237 640 ina

163 685 248 749 ratio
274 685 458 767 quibasdam
484 685 575 765 quasi
595 685 741 765 passibas
764 685 853 748 emtis
879 684 925 749 ool
946 686 1107 766 peruenire
1128 684 1176 748 orl
1198 685 1237 748 clu

164 792 217 856 sed
237 795 345 855 comem
366 791 466 856 sotum
489 791 525 856 rte
543 793 751 873 prammatioa
779 791 894 855 libram
916 791 1069 856 ahsolocrc
1089 792 1197 874 potui,
1224 811 1237 872 q

157 903 265 979 postca
291 900 327 963 de
353 900 489 964 armario
515 890 619 964 rostro
640 899 778 981 perelich,
806 903 835 962 et
861 900 897 963 rh
919 900 1038 963 musica
1060 919 1114 964 seu
1136 899 1237 962 oolam

165 984 480 1071 ...iinchoaoerom
502 1007 614 1088 quippe
637 1007 847 1070 tantammodo
870 1007 965 1070 istam
986 1007 1073 1087 apid
1094 1005 1237 1069 Modiolo

163 1113 369 1194 disciplinam.
415 1114 452 1178 de
473 1114 547 1179 aliis
569 1134 638 1177 uero
660 1114 793 1195 potuque
815 1112 988 1195 disciplinis
1010 1112 1076 1177 ill‘w
1097 1113 1237 1176 similiter

164 1218 287 1297 choatis,
310 1221 346 1284 rto
368 1220 535 1301 dialectieo,
558 1223 594 1284 dc
611 1219 769 1299 rhetorico,
792 1222 828 1285 do
842 1222 1032 1303 pomactrioa
1055 1220 1092 1283 do
1108 1218 1237 1283 arithm

163 1328 200 1390 de
216 1326 426 1408 philosophia,
457 1327 525 1391 solo
546 1327 706 1408 principia
733 1331 960 1408 retrorserunt,
992 1346 1071 1407 qaae
1093 1329 1237 1389 taurona

163 1434 233 1513 ipsa
250 1435 459 1515 perdidimus:
482 1434 535 1497 sao
550 1432 655 1497 lmhcri
673 1433 712 1496 ab
729 1433 885 1514 aliqu-ihus
903 1434 1051 1497 existimo.
1083 1430 1186 1495 Vides
1206 1454 1237 1496 us

165 1541 292 1602 nomiae
320 1540 392 1605 loeo
415 1541 544 1623 prodire
568 1541 821 1624 philosophiam:
855 1541 923 1604 sive
947 1538 979 1603 id
1004 1537 1211 1622 Augustinus
1232 1547 1237 1601 1

164 1645 323 1709 arbitratu
347 1668 405 1710 suo
429 1647 522 1730 eique
546 1646 681 1711 consilio
706 1648 933 1711 convenienter
955 1667 1019 1730 quo
1042 1647 1086 1708 ad
1102 1647 1237 1727 iacorpor

159 1753 317 1831 peruenire
333 1773 392 1834 per
411 1753 585 1834 corporatio
608 1754 715 1838 vellet,
739 1756 806 1818 sive
830 1754 919 1818 illius
944 1756 1052 1816 aetate
1075 1752 1219 1816 nondum

163 1859 240 1923 nino
268 1860 452 1924 invaluerat
480 1861 575 1925 certis
603 1862 721 1925 finibus
751 1861 1013 1943 circumscriptae
1040 1860 1209 1937 ἐγκυκλίου
1235 1887 1237 1895 ’

164 1966 251 2029 δεία(
280 1966 487 2030 consuetudo,
537 1967 637 2052 quue
665 1968 713 2031 ita
740 1989 810 2055 esse
839 1967 944 2051 magis
968 1968 1068 2030 etiam
1092 1987 1237 2050 appeten

164 2072 308 2136 eiusdem
331 2072 507 2156 Augustini
531 2074 586 2138 lib.
610 2073 641 2138 11
665 2074 703 2137 (le
727 2073 839 2139 ordine
862 2095 931 2156 cup.
947 2073 990 2137 35
1001 2095 1069 2157 sqq.
1093 2073 1229 2155 videtur,

163 2178 401 2259 disciplinarum
415 2176 479 2263 (vel
494 2181 666 2244 studiorum
682 2181 892 2244 liheruhiorum
910 2183 939 2243 et
955 2180 1193 2261 discipulinaram
1211 2199 1236 2243 c.

164 2285 307 2347 omnium
336 2285 548 2349 inventricem
576 2290 610 2349 11
637 2287 806 2350 rectricem
830 2308 900 2350 esse
924 2285 1084 2350 rationem
1108 2285 1237 2350 demens

163 2395 256 2454 turus
279 2391 497 2473 proficiscitur
520 2416 539 2456 a
558 2394 778 2475 procurrentium,
801 2393 852 2457 cui
876 2392 1064 2475 disciplinae
1088 2392 1236 2456 accedere

137 2497 293 2560 istoriam
316 2493 357 2580 (e.
381 2494 447 2579 31),
479 2498 587 2583 pergit
619 2497 734 2563 deinde
764 2498 804 2561 ad
834 2498 1025 2561 dialecticam
1056 2502 1089 2561 et
1119 2498 1237 2562 rhetori

163 2603 215 2667 his
239 2603 346 2687 iungit
363 2604 513 2666 umsicam
532 2603 628 2668 simul
647 2604 804 2668 orationis
824 2625 1040 2687 versuumque
1059 2626 1203 2670 rrrrureros
1223 2628 1237 2669 c

163 2711 300 2793 plexum,
324 2710 442 2774 desinit
461 2712 494 2774 in
510 2713 691 2792 pcomctrica
710 2715 743 2774 ct
760 2711 943 2792 astrolopia:
967 2711 1001 2775 in
1020 2711 1067 2775 cis
1087 2716 1197 2775 autem
1216 2713 1237 2776 d‘

164 2817 263 2899 plinis
287 2817 438 2881 omnibus
462 2837 596 2901 regnare
619 2838 762 2881 rrrmreros
786 2817 872 2881 dicit.

701 3012 776 3091 §2-

255 3137 282 3198 1.
314 3133 411 3198 Vltra
435 3138 543 3197 autem
566 3133 744 3218 Augustini
768 3140 916 3219 tempora
938 3158 1033 3201 nemo
1058 3138 1144 3220 quod
1170 3138 1237 3204 scic

163 3261 353 3325 progressus
377 3245 428 3305 est
451 3241 657 3326 anquirendo,
681 3244 708 3306 si
733 3242 816 3306 forte
840 3244 977 3327 vestigia
999 3244 1149 3328 indagari
1174 3268 1237 3328 pos:

164 3347 284 3411 artium
314 3347 444 3412 illarum
476 3348 658 3413 liberalium
689 3351 851 3413 communi
883 3350 1049 3414 societatis
1081 3351 1211 3416 vinculo

163 3456 394 3521 vetustioribus
419 3456 556 3520 saeculis
580 3457 833 3522 coniuncturum.
871 3455 955 3521 Nam
975 3456 1211 3532 Quintilianum
1234 3489 1237 3519 t

163 3566 330 3625 statuane
354 3562 570 3626 inst'tutionis
594 3565 754 3628 oratoriae
778 3562 863 3627 lib.I
886 3586 912 3627 c.
930 3565 970 3627 10
993 3564 1132 3627 strictim
1156 3586 1237 3647 persi

163 3669 262 3732 orbem
284 3669 375 3731 illum
396 3670 559 3746 doctrinae,
582 3690 676 3750 arram
692 3671 806 3735 Graeci
824 3666 1000 3753 ἐγκύκλιον
1018 3672 1175 3735 παιδείαν
1191 3692 1237 3736 our

163 3774 259 3857 idque
282 3774 331 3837 itu
353 3773 522 3838 instituere
541 3779 578 3838 ut
592 3779 837 3860 prouuuatioam,
860 3799 942 3862 quae
962 3778 1190 3861 complectitur
1208 3783 1237 3844 et

162 3882 389 3945 enarrationem
403 3880 604 3945 historiarum
627 3881 706 3967 (Lo,
719 3882 782 3970 18),
806 3885 947 3968 excipiat
960 3886 1075 3949 umsioc
1089 3890 1122 3949 11
1132 3906 1237 3968 peoora

163 3988 242 4052 haec
265 3992 373 4052 autern
396 3987 537 4070 primum
561 3989 662 4053 diuiso
685 4012 755 4054 esse
778 3992 814 4055 im
836 4012 979 4056 uumerus
1000 3996 1030 4055 et
1049 3992 1170 4072 torreas
1192 3991 1232 4076 (1,

163 4092 234 4178 35),
265 4095 375 4178 paullo
404 4098 512 4158 autem
541 4099 617 4178 post
641 4094 675 4177 (ξ
699 4094 757 4178 46)
785 4119 816 4162 se
844 4099 945 4162 tollere
974 4099 1017 4162 ad
1038 4100 1190 4163 rationem
1212 4119 1237 4163 a

163 4202 272 4265 rrramli
295 4202 431 4265 dicatur:
456 4224 592 4284 quorum
616 4208 752 4285 apparet
775 4203 859 4268 hanc
878 4205 944 4268 vim
968 4226 1046 4285 esse,
1070 4209 1106 4268 ut
1130 4206 1224 4270 unius

163 4308 302 4392 ciplinac
330 4312 363 4371 ct
390 4309 519 4371 nomine
547 4313 580 4372 et
607 4311 731 4374 ambitu
755 4308 1069 4393 comprehendantur
1092 4312 1237 4376 arithmet

164 4415 343 4499 geometria
366 4417 399 4478 11
418 4417 617 4483 astronomia
632 4414 717 4503 (sive
735 4423 772 4482 ut
790 4418 859 4501 ipse
879 4419 925 4482 cit
943 4417 1084 4502 11,18,1
1109 4420 1237 4502 ostrolop
