2932 5026
192 295 257 358 226
582 311 619 357 ru
644 311 754 357 vinnm
779 311 945 358 'raasson

280 452 492 519 Gravioribus
519 453 625 517 turbis
654 454 802 537 proxima
827 454 944 518 affecta
967 457 1051 518 sunt.
1096 453 1242 530 Quorum
1266 475 1341 518 cum

191 561 270 625 haec
299 568 384 638 esset
414 562 446 624 in
476 560 569 624 libris
598 561 735 626 noviciis
763 562 899 645 species:
931 563 1006 626 dum
1032 580 1064 626 se
1090 561 1198 624 amori
1224 560 1265 624 ab
1292 559 1343 625 tis

189 671 285 732 credit
305 669 407 733 crebro
429 670 465 733 in
487 668 636 733 albanum
658 669 731 749 rapi
753 670 796 733 nd
815 669 923 749 floreta
946 669 1055 732 attritis
1076 687 1152 731 suae
1170 669 1249 749 ipsis
1272 665 1340 752 (vel

189 772 290 860 ipsus)
319 775 448 839 sarblatts
475 774 565 839 rebus
591 776 635 838 ad
659 795 814 838 summam
842 776 982 856 inopima
1004 775 1145 839 redactus
1166 779 1224 851 est,
1257 795 1341 857 qnae

190 882 289 945 verba-
312 882 447 946 duorum
472 902 623 944 versuum
647 881 806 944 ambitum
824 886 990 964 superant,
1012 881 1180 944 nonsatis
1201 880 1339 944 suntad

190 993 257 1051 tres
281 986 505 1071 complendos,
536 992 570 1052 et
593 986 713 1052 Wolfio
744 980 778 1052 et
805 1009 908 1070 nuper
930 986 1052 1052 Rothio
1081 990 1114 1051 et
1137 986 1235 1051 nobis
1261 988 1340 1052 olim

190 1096 270 1179 ipsis
299 1094 380 1158 haec
404 1094 458 1158 via
481 1094 623 1158 ineunda
646 1093 717 1157 visa-
740 1096 791 1157 est
813 1097 849 1157 nt
871 1093 1074 1157 intercidisse
1097 1092 1259 1179 quaedam
1282 1115 1338 1177 pu·

189 1207 342 1266 teramus.
379 1200 475 1277 Quali
497 1204 607 1265 tamen
622 1201 765 1288 ‘lacuna-e
790 1199 989 1284 supplendae
1008 1220 1090 1283 quae
1110 1199 1160 1264 vel
1181 1223 1201 1264 a
1215 1199 1339 1264 Wolfio

175 1309 239 1372 >vel
277 1332 296 1372 s
328 1307 450 1373 Rothio
484 1312 646 1390 temptata
679 1310 756 1371 sunt
793 1302 841 1390 (in
874 1304 964 1370 ouius
998 1306 1339 1390 argumentationibus

188 1437 217 1498 p.
245 1417 306 1480 178
322 1438 369 1499 sq.
394 1415 584 1499 perscriptis
607 1413 691 1478 nihil
716 1413 800 1497 quod
824 1412 956 1496 probari
981 1416 1093 1495 posset
1115 1412 1258 1495 inveni),
1287 1435 1338 1478 eo-

188 1543 259 1584 rum
275 1520 424 1604 plurimis
443 1522 482 1585 de
502 1521 625 1586 caussis
644 1520 754 1603 eisque
774 1520 855 1583 satis
875 1517 1059 1582 manifestis
1078 1519 1187 1583 nullus
1201 1540 1339 1602 prorsus

134 1649 172 1688 491
190 1650 265 1691 usus
289 1632 348 1692 est.
395 1627 486 1704 Quod
510 1630 637 1707 contra,
666 1626 693 1690 si
723 1625 819 1690 modo
843 1625 882 1688 de
905 1625 1021 1689 lacuna
1044 1625 1271 1709 cogitandum,
1298 1648 1340 1690 ne

188 1757 272 1798 nunc
299 1735 428 1818 quidem
455 1734 549 1798 valde
578 1732 783 1816 displicitura
811 1732 877 1795 sint
903 1754 922 1795 a
950 1732 1044 1796 nobis
1069 1732 1147 1796 olim
1172 1752 1338 1796 commen·

170 1837 266 1929 'data
289 1843 522 1926 supplementa,
545 1861 627 1926 quae
651 1861 720 1903 esse
744 1839 825 1903 talia
850 1839 1052 1903 volebamus:
1077 1838 1165 1902 Du'm
1183 1859 1215 1903 se
1233 1839 1273 1904 ab
1289 1838 1340 1903 bis

187 1949 292 2012 urruiri
315 1950 409 2012 credit
431 1948 469 2013 o‘b
490 1948 597 2029 florem
620 1947 730 2010 aetates
751 1966 833 2023 urae,
850 1945 861 2029 ss
879 1944 966 2009 Dum
992 1948 1035 2025 [se
1056 1965 1160 2009 eorum
1183 1947 1270 2011 uitis
1288 1967 1340 2028 pe

188 2057 258 2135 stit]
277 2056 383 2119 erebro
401 2057 435 2119 in
451 2056 611 2120 Albaurim
628 2055 708 2135 rapi,
726 2053 737 2136 ΙΙ
754 2053 829 2117 Suis
850 2053 980 2117 mittatis
1003 2051 1096 2116 rc‘bus
1118 2053 1162 2117 ad
1181 2073 1340 2119 sarnanum

188 2161 564 2242 sepaparationem.
610 2160 733 2225 Verum
757 2166 865 2225 tamen
890 2160 924 2223 in
947 2159 1008 2223 hac
1032 2180 1183 2223 versuum
1206 2160 1340 2225 confor-

190 2269 333 2332 matione
371 2273 407 2331 ut
443 2268 537 2332 hodic
572 2288 639 2330 non
677 2267 932 2351 acquiescamus,
968 2286 1035 2330 non
1066 2263 1153 2328 leves
1190 2265 1341 2331 rationes

190 2378 320 2456 praesto
345 2378 430 2437 sunt.
476 2372 621 2449 Quarum
644 2373 840 2457 gravissima
863 2370 942 2435 haec
965 2375 1029 2454 est,
1053 2370 1136 2453 qnod
1161 2374 1196 2435 et
1218 2371 1341 2436 mirum

189 2483 222 2545 in
246 2480 376 2545 modum
405 2481 562 2563 languent
589 2502 670 2563 quae
698 2480 821 2563 scripta
848 2484 925 2543 sunt
947 2481 1022 2544 dorm
1044 2498 1076 2543 sc
1097 2477 1137 2541 ab
1159 2476 1210 2541 uis
1232 2480 1343 2545 annu

188 2590 317 2671 eredit,
341 2587 425 2672 quod
449 2587 565 2650 saltem
585 2587 740 2669 ptoriutur
763 2585 932 2650 dicendum
956 2589 1027 2648 erat
1049 2585 1101 2649 vel
1120 2584 1283 2667 similiter,
1308 2590 1342 2650 et

189 2692 300 2756 eadem
329 2694 449 2757 amoris
478 2693 644 2757 notionem
673 2693 775 2756 multo
805 2692 977 2756 certiorem
1009 2695 1106 2775 atque
1140 2692 1340 2774 apertiorem

189 2799 344 2881 produnt,
368 2821 464 2884 quam
487 2821 569 2883 quse
592 2800 627 2862 in
650 2799 828 2882 praemissa
851 2821 872 2862 a
895 2796 1051 2862 Suetonio
1076 2797 1176 2861 verbs
1198 2798 1342 2880 qna'dret

189 2905 304 2988 quibus
334 2906 360 2969 is
384 2905 530 2969 Porcium
553 2907 797 2988 suspitionem
820 2906 857 2969 de
874 2905 1089 2968 consuetudine
1108 2903 1212 2984 facere
1235 2904 1341 2989 signi·

191 3012 316 3074 licebat.
350 3010 442 3075 Vnde
466 3014 502 3074 fit
527 3016 563 3075 ut
586 3012 642 3075 illa
665 3013 737 3095 ipsa.
755 3013 856 3077 uerba
878 3012 910 3076 in
936 3010 1149 3094 suspitionem
1167 3009 1341 3076 incurrant

189 3139 248 3180 nec
277 3117 315 3179 de
350 3117 465 3181 lacuna
497 3118 607 3200 potius
640 3140 736 3200 (pusm
769 3118 808 3182 de
840 3117 1091 3201 interpolatione
1124 3116 1338 3201 cogitandum

191 3223 345 3287 videatur.
391 3223 476 3288 Nam
500 3229 550 3305 ut,
575 3246 638 3307 qno
662 3224 767 3289 Porcii
792 3223 942 3288 versiculi
967 3225 1152 3307 spectarent
1175 3245 1338 3308 quamque

189 3331 255 3394 vim
278 3330 336 3394 illa
358 3332 566 3415 potissimum
590 3332 748 3397 haberent
767 3355 848 3416 quac
868 3337 944 3396 sunt
962 3333 1005 3395 ud
1017 3330 1145 3395 Philum
1158 3351 1190 3395 sc
1202 3333 1338 3396 sortitore

148 3452 154 3468 ’
187 3443 216 3502 ct
238 3439 380 3503 [mltum
403 3439 571 3520 pulchrum
594 3444 701 3521 putat,
734 3439 912 3520 doceretur,
945 3440 997 3501 sat
1019 3437 1166 3519 profecto
1191 3438 1336 3520 proclive

189 3549 259 3608 erat
282 3545 422 3609 adscribi
446 3546 486 3609 ab
510 3546 716 3629 interprete„
730 3568 811 3630 quae
835 3549 910 3628 post
934 3543 967 3607 in
990 3542 1090 3607 verba
1112 3547 1230 3628 poetae
1253 3545 1336 3610 inre«

190 3655 336 3732 pserunt,
367 3671 399 3714 se
421 3653 525 3715 amori
546 3653 585 3716 ab
608 3652 657 3717 bis
679 3653 780 3716 crerlit.
826 3650 899 3716 Huc
923 3657 1033 3715 nutem
1057 3650 1182 3714 accedit
1205 3652 1292 3735 qnod
1315 3673 1335 3715 a

189 3761 367 3820 ceterorum
392 3759 538 3823 codicum
562 3759 719 3824 memoria
741 3782 806 3824 non
826 3759 940 3824 leviter
959 3757 1077 3822 veteris
1096 3754 1239 3822 Parisini
1258 3758 1335 3823 fides

189 3865 365 3947 discrepat:
389 3864 421 3929 in
446 3886 522 3948 quo,
544 3871 674 3949 praeter
696 3867 799 3930 nodat
821 3888 880 3949 pro
899 3866 994 3928 credit
1011 3863 1164 3946 positum,
1186 3864 1336 3948 proxima

190 3971 222 4033 in
252 3971 338 4035 hunc
367 3972 497 4036 modum
527 3973 650 4056 scripta.
678 3978 767 4037 sunt:
799 3973 901 4037 erebro
924 3973 959 4036 in
981 3970 1130 4034 allianum
1151 3972 1279 4053 rapitur
1299 3971 1336 4037 ob

188 4076 295 4156 liorem
317 4079 428 4141 aetolis
450 4100 524 4144 suae
541 4085 612 4161 post
634 4080 763 4145 sublatis
785 4081 875 4145 relus
898 4101 968 4163 eq.
984 4101 1008 4141 s.
1039 4075 1139 4160 Ergo,
1160 4098 1203 4140 ne
1226 4096 1335 4141 moros

189 4187 333 4266 nectam,
366 4206 386 4246 n
412 4186 487 4248 (lum
515 4185 676 4268 particula
699 4187 856 4269 incipieus
880 4192 1032 4270 quartum
1056 4182 1262 4250 enuntiatum
1284 4204 1336 4247 se·

190 4290 364 4373 quebstur,
402 4291 566 4376 integrum
599 4293 631 4356 id
665 4294 882 4376 septenarium
921 4314 1062 4377 aequans
1099 4312 1236 4374 eumque
1271 4310 1337 4354 uns

189 4398 291 4461 rrelun
316 4420 393 4461 voce
417 4400 619 4481 transpositu
642 4405 708 4463 tani
734 4401 924 4464 concinnum
954 4422 1050 4484 quarn
1074 4397 1159 4482 quod
1184 4397 1337 4462 maximos
