2956 5018
472 361 550 409 srva
575 360 822 407 rinaoounnvu
846 360 951 406 5555.
1218 341 1283 405 555

130 501 328 568 tinuitatem
356 503 456 568 Vrbis
488 504 627 588 gloriam
660 505 905 585 inlustraverat,
937 503 1017 567 satis
1048 506 1157 566 tamen
1189 522 1283 583 pares

129 607 322 696 lmaginum
347 613 516 695 angustiae
539 610 668 675 fuerint
707 610 791 674 Nam
815 608 1038 674 camillorum
1063 608 1194 691 plurimi
1218 629 1283 671 nou

131 717 245 781 minus
270 718 405 782 consilio
430 739 526 801 qnam
549 717 693 781 facinore
717 739 785 779 rem
808 717 971 799 publicam
994 714 1203 796 adiuvissent,
1227 713 1282 776 ali-

133 824 356 907 quammultos
375 823 480 888 Varro
504 824 612 907 potuit
639 824 798 888 arbitratu
827 845 885 887 suo
909 823 947 885 de
971 822 1058 884 tertii
1083 820 1158 884 libri
1183 820 1283 903 copiis

136 928 287 1014 demptos
310 931 344 994 in
368 929 515 1013 quintum
539 931 726 1013 transferre,
749 931 804 994 ubi
828 952 890 993 non
915 929 1020 992 minus
1045 927 1214 991 commoda
1237 926 1283 989 eis

139 1034 233 1100 sedes
257 1041 352 1101 esset.
392 1036 504 1120 quue
533 1038 696 1119 pertinent
725 1037 864 1100 fortasse
888 1040 944 1098 ant
967 1034 1081 1098 saltem
1107 1055 1284 1097 accommo-

141 1140 210 1206 dari
230 1149 370 1226 possunt
389 1141 575 1225 Symmachi
595 1145 615 1207 l.
631 1166 655 1207 5.
670 1166 694 1206 5.
713 1144 826 1207 verba:
851 1141 920 1205 ‘ille
939 1162 1112 1224 pauperem
1128 1137 1284 1203 Curium

146 1249 197 1312 ssd
233 1249 388 1313 divitibus
425 1250 649 1334 imperantem,
686 1250 741 1314 ille
774 1271 902 1313 severos
936 1246 1119 1324 Catones,
1156 1251 1284 1331 gentem

148 1352 314 1429 Fabiam,
343 1354 458 1420 decora
486 1353 705 1440 Scipionum
735 1360 904 1438 totumque
933 1355 1026 1418 illum
1055 1353 1284 1437 triumphalem

155 1465 288 1525 senatum
324 1483 426 1544 parca
458 1463 552 1526 laude
588 1462 807 1546 perstrinxit':
845 1462 899 1524 ubi
936 1483 1000 1523 una
1032 1458 1284 1542 triumphalis

159 1573 298 1633 senatus
325 1569 456 1633 notione
488 1574 521 1633 et
552 1569 629 1634 belli
661 1575 694 1632 et
726 1569 815 1652 pacis
848 1572 934 1631 artes
963 1566 1285 1650 comprehendrmtur.

163 1670 294 1739 Ceterum
327 1674 485 1739 secundae
518 1676 632 1741 classis
666 1697 745 1760 quas
775 1674 880 1739 Varro
909 1673 1048 1738 voluerit
1081 1672 1285 1756 paradigma-

166 1778 231 1843 lieas
248 1782 402 1867 imagines
422 1803 491 1845 esse
511 1783 544 1847 in
562 1782 729 1867 isagogico
750 1782 835 1846 libro
859 1780 1063 1865 praemissas,
1085 1801 1143 1843 555
1167 1777 1285 1841 indicio

169 1885 222 1950 ullo
248 1911 302 1953 555
336 1887 584 1953 ratiocinatione
621 1890 780 1953 docemur.
831 1887 1033 1971 Quamquam
1066 1885 1094 1948 si
1128 1884 1285 1968 singulari

169 1990 291 2059 fortunae
319 1995 475 2059 beneficio
504 2017 541 2059 ex
571 1995 680 2079 aliquo
710 1995 870 2059 volumine
893 1992 1128 2056 Herculanensi
1153 1989 1285 2054 Periclis

171 2096 242 2164 ae.
263 2100 409 2166 Caesaris
437 2100 698 2184 splendidissima
729 2102 861 2166 nomina
888 2100 1060 2184 prodeant,
1092 2122 1157 2162 non
1185 2097 1286 2160 simus

171 2204 324 2272 mehercule
347 2206 529 2271 Varronem
553 2207 728 2290 culpaturi,
755 2228 814 2270 nec
842 2207 875 2270 id
898 2206 990 2270 valde
1013 2204 1162 2268 miraturi
1191 2204 1223 2267 in
1249 2225 1286 2266 eo

171 2308 211 2389 qui
235 2314 392 2398 oppressis
424 2312 572 2397 partibus
605 2312 809 2397 Pompeianis
842 2314 881 2377 ad
915 2310 949 2377 O.
978 2310 1147 2377 Caesarem
1180 2309 1286 2393 ponti-

171 2411 241 2480 ficem
264 2420 439 2485 maximum
467 2419 531 2482 iam
559 2441 664 2482 rerum
697 2419 878 2484 divinarum
910 2420 1011 2483 libros
1045 2417 1286 2501 perscripserat.

171 2512 226 2584 Nisi
250 2526 331 2609 quod
359 2526 492 2590 minime
521 2525 761 2609 intercedimus,
790 2527 817 2589 si
847 2526 918 2610 quis
947 2531 1056 2588 tamen
1080 2545 1118 2586 ex
1148 2521 1285 2604 antiqui-

172 2625 258 2694 oribus
278 2632 386 2715 potius
405 2632 603 2696 luculentum
626 2636 755 2714 praeter
779 2637 887 2696 cetera
907 2631 1085 2712 sapientiae
1104 2628 1286 2710 exemplum

172 2737 312 2813 repetiisse
350 2737 626 2802 studiosissimum
664 2738 868 2821 antiquitatis
909 2737 1074 2801 hominem
1113 2735 1174 2798 sibi
1218 2756 1285 2816 per-

172 2840 285 2907 tondeat

238 2945 352 3014 Contra
370 2952 512 3014 tertiae
532 2950 628 3014 classi
652 2950 775 3033 poesim
795 2951 980 3034 complexae
999 2974 1057 3015 555
1081 2951 1189 3035 potnit
1212 2971 1284 3032 pro·
1301 2965 1334 3003 xt

171 3043 237 3117 itote
257 3056 319 3120 alia
342 3057 404 3121 nisi
424 3057 581 3120 Homeri
606 3059 714 3142 imago
740 3063 775 3121 ut
798 3059 1054 3143 paradigmatice
1078 3056 1211 3141 praefigi
1229 3076 1287 3118 nec

173 3161 289 3233 pnefixa
312 3167 371 3226 est.
408 3162 467 3228 Oui
492 3164 524 3226 in
549 3164 687 3246 septimo
711 3164 809 3247 libro,
838 3164 1017 3229 Varronem
1042 3165 1069 3227 si
1095 3166 1176 3228 bene
1199 3162 1288 3226 novi-

171 3277 236 3346 mos,
255 3269 377 3332 nullum
402 3270 500 3333 alium
524 3270 586 3333 nisi
611 3269 775 3333 Ennium
800 3272 965 3352 opposuit,
994 3269 1199 3354 quantumvis
1224 3269 1281 3330 usi·

171 3368 224 3432 1115
234 3376 464 3456 posterioribus
481 3375 666 3440 hominibus
681 3377 821 3462 Vergilii
837 3377 1042 3459 potissimum
1057 3398 1129 3439 curn
1144 3374 1287 3438 Homero

171 3475 284 3546 omno
302 3481 410 3546 fuerit
448 3480 607 3557 Quoniam
627 3486 743 3565 autem,
768 3488 804 3546 ut
827 3486 996 3565 poctarum
1016 3487 1048 3545 et
1066 3481 1286 3545 nobilissimus

169 3577 449 3670 onliquissimus
477 3586 653 3670 Homerus,
686 3589 733 3651 ita
761 3589 1000 3653 nobilissimum
1028 3587 1175 3670 idemque
1205 3586 1287 3650 anti-

168 3683 334 3761 cossinum
363 3714 464 3779 genus
494 3717 644 3758 versuum
672 3694 878 3759 hexametrus
908 3696 983 3778 fuit,
1015 3694 1195 3760 rectissime
1223 3699 1286 3757 sta·

168 3786 250 3860 toitur
266 3805 298 3864 et
316 3800 481 3883 epicorum
501 3800 637 3883 primam
657 3801 756 3864 fuisse
776 3802 809 3864 in
834 3801 895 3865 hac
915 3801 1020 3865 classe
1043 3801 1288 3879 hebdomadam,

168 3894 225 3961 ete
247 3906 348 3987 primo
372 3906 486 3970 classis
510 3906 664 3989 cuiusque
687 3907 794 3990 capite
822 3907 947 3970 desumi
972 3907 1187 3990 coryphaeum
1212 3907 1286 3969 soli-

169 3996 233 4088 tum,
256 4012 286 4075 id
313 4011 399 4096 quod
423 4034 474 4074 res
503 4011 574 4094 ipsa
597 4012 763 4075 suadebat.
799 4011 867 4076 Nec
896 4013 1011 4096 quibus
1040 4013 1244 4095 potissimum
1271 4036 1287 4076 5

168 4114 251 4180 poetis
271 4119 361 4182 illam
386 4116 620 4181 hebdomadam
643 4116 748 4181 Varro
773 4119 1005 4201 composuerit,
1028 4118 1116 4200 latet,
1140 4119 1167 4180 si
1191 4119 1286 4183 modo

169 4212 352 4242 κὴ

169 4270 264 4328 “oculis
290 4274 415 4344 singulas
443 4273 657 4328 fortissimorum
682 4274 1003 4343 sapientissimorumque
1029 4275 1218 4329 hebdomadas
1246 4292 1285 4328 se-

168 4338 318 4504 meae
348 4361 481 4429 conatae,
515 4361 633 4418 artificio
662 4363 736 4417 naua
765 4381 829 4417 sane
857 4362 974 4433 indigno
1002 4366 1103 4434 arguo
1130 4363 1287 4418 5555555
