2932 5026
430 340 507 389 srvn
532 342 779 389 usunousovn
805 342 907 389 nrum.
1176 328 1238 391 551

101 485 319 567 potissimum,
348 485 403 549 ubi
432 485 592 549 letissime
621 491 736 570 patens
765 487 845 550 artis
868 486 959 551 notio
988 488 1021 550 in
1049 487 1242 570 pressiorem

95 591 314 676 significatum
340 596 549 659 coartaretur.
591 592 703 677 Itaque
732 616 804 658 cum
834 617 893 659 nos
921 594 1018 659 hodie
1042 594 1242 658 consueveri-

88 718 168 761 mus
192 699 381 782 bipertitam
405 700 596 766 divisionem
617 701 717 765 talem
744 702 889 784 probare,
913 705 950 765 ut
970 701 1074 764 altere
1094 701 1125 763 in
1150 703 1242 782 parte

83 802 214 869 litteris
237 806 429 891 consignata
458 806 579 891 ingenii
607 806 739 871 humani
769 812 978 873 monumenta
1007 808 1115 871 omnia
1144 829 1240 889 pons·

83 930 182 993 mus,
210 912 289 976 artis
312 912 444 977 nominc
467 935 533 978 non
557 914 748 999 consignata
776 914 894 979 litteris
924 913 1176 997 complectamur
1204 935 1241 976 ex

83 1022 188 1095 parte
221 1019 338 1101 altera,
370 1018 456 1084 haud
488 1019 600 1102 paullo
633 1020 762 1083 diversa
794 1021 845 1083 via
875 1024 999 1085 veteres
1032 1021 1172 1105 ingrcssi
1203 1042 1241 1084 ex

84 1123 233 1210 utroque
256 1147 375 1210 genere
398 1126 590 1209 quibusdam
615 1127 783 1190 elementis
807 1127 918 1190 ascitis
942 1126 982 1191 ad
1012 1127 1112 1190 vitam
1141 1127 1240 1210 inpri-

84 1228 150 1293 mis
185 1233 320 1297 utilibus
354 1233 485 1298 tertium
518 1254 620 1317 genus
653 1217 789 1297 mixtum
818 1235 1070 1311 constituerunt,
1103 1231 1240 1296 medium

88 1328 180 1400 iuter
203 1338 260 1403 illa
283 1337 361 1421 duo,
384 1339 435 1403 cui
458 1338 605 1403 fecerunt
628 1339 962 1424 ‘disciplinarum’
986 1362 1113 1404 nomen.
1142 1338 1240 1423 ldque

91 1456 196 1519 genus
219 1467 314 1509 omne
338 1466 408 1510 cum
434 1445 543 1510 dedita
571 1468 669 1529 opera
698 1445 827 1509 ‘novem
857 1447 1099 1531 disciplinarum
1130 1443 1241 1509 libris'

94 1540 163 1624 ipse
198 1550 301 1617 Varro
334 1564 522 1636 persecutus
555 1552 612 1633 sit,
648 1551 787 1617 huncine
821 1553 944 1617 nullom
978 1553 1046 1616 eius
1082 1552 1240 1617 rationem

93 1644 248 1722 habuisse
271 1658 373 1723 ineis
397 1659 489 1723 libris
509 1659 683 1722 condendis
707 1660 904 1743 putabimus,
928 1682 1009 1743 quos
1029 1658 1089 1742 ipsi
1109 1658 1240 1742 ingenio

10 1764 16 1839 ,’
90 1750 235 1830 hturrano
272 1787 330 1849 per
367 1764 475 1847 capita
506 1765 697 1828 celebrando
735 1765 952 1830 destinasset?
989 1764 1179 1849 praesrtim
1213 1764 1240 1827 si

86 1854 282 1937 brevissimo
317 1871 473 1954 temperis
500 1870 607 1953 spatio
640 1870 812 1935 interiecto
841 1876 996 1955 utrosque
1024 1870 1125 1934 libros
1154 1891 1239 1934 com·

79 1977 249 2043 uoueret?
286 1976 372 2042 Nem
395 1976 560 2061 Imagines
583 1977 713 2060 quidem
733 1978 861 2061 quaudo
881 1978 1110 2061 composuerit,
1132 1977 1239 2059 ipsum

75 2070 209 2147 testem
231 2084 391 2149 habemus
414 2082 704 2166 locupletissimum
723 2083 809 2167 apud
830 2082 971 2147 Gellium
991 2083 1097 2166 capite
1115 2082 1239 2146 decimo

69 2179 234 2256 ex{tremo
253 2189 412 2255 Varronis
436 2187 514 2253 hacc
535 2189 735 2253 afferentem:
759 2188 847 2253 ‘turn
871 2190 917 2254 ibi
941 2189 1033 2255 addit
1055 2212 1089 2252 se
1112 2209 1238 2272 quoque

63 2274 159 2355 lun
179 2295 398 2361 duodecimam
417 2317 576 2360 annorum
595 2294 831 2360 hebdomadam
851 2297 1033 2382 ingressum
1053 2294 1151 2359 esse':
1175 2295 1237 2360 hoc
1251 2315 1311 2355 vm

61 2390 129 2453 ⁰⁸¹2
165 2401 245 2465 ultra
263 2424 384 2467 annum
404 2402 522 2465 aetatis
540 2402 713 2484 septimum
737 2407 770 2466 et
793 2402 1067 2486 septuagesimum
1091 2422 1237 2485 progres-

59 2508 257 2604 ⁸}11n,qui
284 2508 347 2572 fuit
373 2508 462 2571 urbis
491 2508 640 2571 conditae
670 2509 741 2573 715.
789 2509 836 2572 Dc
860 2507 1104 2590 disciplinarum
1129 2511 1236 2570 autem

56 2591 185 2679 llbris
202 2616 418 2680 coniecturam
442 2615 476 2678 in
496 2637 534 2677 ea
553 2614 825 2678 commentatione
849 2615 981 2677 fecimus
1001 2636 1097 2697 quam
1117 2613 1236 2678 abhinc

58 2718 193 2785 mltos
212 2720 365 2784 tredecim
386 2720 424 2783 de
444 2720 512 2783 illis
532 2721 619 2784 foras
640 2722 798 2784 dedimus:
819 2721 874 2784 ubi
894 2743 923 2802 p.
934 2721 976 2783 53
994 2723 1106 2801 [supra
1121 2721 1235 2802 plui]

59 2824 114 2875 εἶ
151 2849 185 2891 eo
209 2827 517 2912 argumentabamur
540 2826 624 2910 quod
646 2825 824 2891 Varronem
850 2826 972 2890 Plinius
997 2825 1035 2890 N.
1051 2826 1091 2890 H.
1117 2826 1235 2912 XXIX,

62 2909 125 3001 4»
164 2935 205 2999 65
242 2932 438 3017 prodidisset
480 2934 519 2996 de
557 2933 703 3016 aspidum
746 2935 812 2997 ictu
851 2933 993 2998 sanando
1031 2935 1234 3016 praecepisse

66 3014 219 3105 ‘octavo
243 3047 276 3104 et
299 3040 500 3123 octogesimo
520 3040 605 3103 vitae
625 3038 736 3103 anno':
760 3040 821 3103 nisi
847 3039 932 3124 quod
957 3062 1015 3122 pro
1040 3062 1077 3105 co
1100 3062 1234 3104 numero

72 3144 173 3212 1lunc
196 3144 392 3210 ‘Lxxxlll'
416 3151 580 3228 receptum
605 3150 710 3208 estex
730 3147 862 3229 optimis
887 3147 989 3210 libris.
1022 3146 1141 3222 Quodsi
1168 3147 1234 3211 tale

80 3252 295 3335 esseceptum
324 3253 377 3314 vix
406 3253 483 3316 alibi
517 3253 579 3316 uisi
613 3253 644 3315 in
679 3253 763 3316 libro
797 3253 851 3335 qui
881 3252 935 3315 ‘de
964 3252 1136 3317 mediciuu’
1171 3254 1234 3316 t'uit

88 3348 259 3423 tradidisse
283 3357 437 3421 creditur:
462 3380 536 3421 nam
561 3362 593 3421 et
617 3359 734 3422 satiras
760 3363 792 3420 et
816 3358 1031 3439 logistoricos‚
1055 3359 1093 3421 do
1118 3359 1232 3441 ‹pribus
1297 3394 1305 3407 ·

93 3454 182 3530 teile
214 3465 376 3547 quispiam
406 3464 542 3548 cogitet,
574 3487 639 3528 uon
669 3488 687 3527 u
717 3487 790 3527 seue
820 3465 874 3527 sed
908 3466 949 3527 ab
982 3465 1096 3528 iuvene
1129 3466 1232 3528 editos

10 3580 13 3649 Ι
95 3572 250 3636 novimus:
274 3592 473 3654 consequens
494 3575 597 3634 estut
620 3573 658 3634 de
679 3571 859 3655 disciplinis
879 3571 1126 3634 commentarios
1147 3592 1232 3634 auno

93 3676 152 3742 fere
173 3678 235 3741 721
257 3700 287 3741 u.
303 3699 328 3741 c.
348 3677 555 3760 pertexuerit,
579 3677 639 3740 hoe
659 3683 706 3740 est
728 3677 946 3761 quinquennio
969 3682 1042 3760 post
1061 3677 1232 3761 Imagines.

89 3781 157 3849 Nisi
187 3785 262 3869 quis
290 3784 376 3848 forte
400 3785 487 3847 intra
510 3783 571 3848 hoc
595 3784 700 3866 ipsum
725 3769 980 3867 quinquennium
1005 3784 1132 3846 dcrnuru
1156 3784 1231 3847 sub-

86 3896 194 3956 natam
224 3914 295 3956 esse
320 3890 461 3955 Varroni
489 3891 655 3955 notionem
685 3892 906 3975 rationemque
935 3913 1062 3954 omnem
1089 3889 1231 3973 discipli-

85 4019 202 4063 narum
226 3998 289 4062 sibi
314 3998 529 4081 persuadebit.

171 4103 241 4169 Nec
265 4126 341 4167 vcro
371 4103 454 4167 ratio
483 4102 564 4166 latct
592 4125 656 4186 qua
684 4103 723 4165 ad
748 4102 988 4185 septemplicem
1019 4103 1229 4185 partitionem

81 4211 294 4276 novenarium
322 4210 565 4290 disciplinarum
589 4230 758 4272 numerum
782 4208 887 4272 Varro
912 4213 963 4271 sat
987 4208 1154 4272 commodo
1183 4232 1228 4273 re-

82 4339 201 4383 vocare
233 4317 385 4400 potuerit.
427 4315 510 4391 Quid
544 4316 629 4378 enim
662 4314 860 4397 impediebat
892 4316 1064 4398 quominus
1098 4338 1229 4398 prorsus

83 4429 266 4509 exemptam
291 4446 307 4487 c
336 4423 515 4505 disciplinis
540 4422 590 4484 vel
619 4421 819 4485 dialecticam
844 4443 915 4485 cum
943 4421 1153 4505 philosophia
1178 4421 1228 4485 vel
