2956 5018
355 331 420 395 516
686 342 801 389 [rasus
825 326 970 389 vamm’s
994 339 1171 389 IMAGINVM

355 491 439 555 hanc
459 490 524 553 vim
543 487 678 551 haberet
695 487 732 549 ut
750 485 821 568 ipse
839 484 963 568 primus
986 485 1070 549 liber
1087 505 1153 549 non
1173 487 1288 567 posset
1310 482 1467 567 prastaam

354 601 444 662 totus
479 594 593 676 tribui,
626 593 682 657 sed
715 592 836 676 aliquid
868 593 1013 676 ipsarum
1044 592 1227 677 imaginum
1261 590 1468 676 acciperetril

356 708 464 768 autem
488 725 584 785 quam
608 700 784 765 abhorreat
806 723 826 764 a
849 700 916 763 veri
934 699 1157 781 similitudine,
1181 721 1285 782 supra
1307 698 1467 765 declaratru

356 816 415 877 cst.
452 808 608 884 Quocirca
635 830 700 872 non
734 807 955 872 dubitabimus
987 804 1139 871 liberiore
1172 827 1258 890 quae
1287 807 1322 871 in
1352 810 1467 891 prompto

356 922 405 982 est
427 914 694 998 interpretatione
717 914 765 978 uti
784 912 945 997 Celliique
965 914 1064 977 verba
1086 914 1118 977 in
1140 935 1214 978 cam
1232 918 1361 997 partem
1377 915 1467 977 vertes

355 1026 391 1087 ut
427 1022 497 1105 ille,
539 1021 594 1085 ubi
636 1021 815 1085 subiectum
852 1019 988 1084 Homeri
1029 1020 1165 1104 imagini
1204 1020 1403 1104 epigramma
1433 1017 1467 1081 rt

354 1132 537 1212 iectamque
565 1127 604 1190 dc
633 1127 720 1190 illius
749 1131 845 1212 atque
869 1126 1003 1191 Hesiodi
1031 1131 1137 1191 aetate
1167 1126 1416 1210 disputationem
1434 1146 1467 1188 cr·

355 1236 521 1319 cerpebat,
557 1257 623 1298 non
659 1255 788 1298 curasse
825 1234 1037 1317 praemissam
1069 1232 1220 1297 universo
1253 1234 1344 1316 operi
1376 1230 1467 1316 praela

355 1344 477 1407 tionem
506 1341 721 1423 existimetur,
754 1340 808 1404 sed
836 1341 976 1423 primum
1005 1339 1123 1403 librum
1155 1339 1278 1403 dixisse
1309 1340 1362 1424 qui
1385 1358 1467 1423 reaper

355 1450 478 1532 primus
498 1452 584 1512 esset
602 1448 761 1531 imagines
779 1447 867 1529 ipsas
886 1450 1142 1529 repraesentans.
1174 1444 1266 1531 Ergo
1286 1443 1468 1511 insecundo

355 1557 477 1640 potius,
501 1555 529 1618 si
551 1554 591 1618 ad
616 1554 772 1618 amussim
795 1554 833 1616 fit
855 1554 1054 1635 numerati0,
1081 1552 1273 1617 Homerus
1297 1560 1343 1637 et,
1366 1556 1399 1618 ut
1418 1572 1467 1617 con·

356 1668 546 1727 seutaneum
574 1665 624 1723 est
651 1660 792 1742 credere,
823 1658 1016 1724 Hesiodus
1048 1660 1154 1724 locum
1182 1661 1384 1726 invenerant:
1413 1657 1467 1724 unde

356 1791 556 1852 consequens
580 1772 642 1850 cst,
665 1771 702 1830 ut
725 1766 846 1830 latinos
870 1771 983 1849 poetas
1007 1767 1123 1831 tertius
1147 1773 1401 1852 persequeretur.

444 1876 597 1960 Integrae
620 1874 832 1938 hebdomadis
855 1878 1073 1957 praeteream
1097 1896 1195 1958 quam
1214 1876 1378 1942 Ausonius
1398 1874 1467 1937 aa

355 1988 408 2047 tus
432 1986 482 2047 est
499 1983 619 2047 nullius
638 1982 772 2046 nomina
791 1987 957 2063 comperta
980 1982 1145 2046 habemus.
1177 1981 1254 2047 Nisi
1279 1983 1363 2067 quod
1381 1977 1466 2063 aliquis

309 2088 494 2153 1xf0rtasse
526 2089 559 2151 in
592 2088 653 2151 hoc
686 2108 803 2172 genere
831 2088 1035 2159 coniecturae
1064 2087 1154 2152 loeus
1185 2092 1245 2153 est
1288 2089 1333 2154 Et
1361 2089 1467 2172 primun

354 2195 483 2278 quidem
511 2216 584 2258 eum
612 2193 846 2258 medicorum
876 2194 1063 2259 inlustrium
1096 2194 1214 2278 duplex
1248 2197 1335 2280 apud
1360 2194 1467 2259 Plinion

353 2301 498 2366 recensio
522 2304 640 2385 exstet,
668 2302 772 2365 altera
799 2301 854 2365 lib.
877 2300 986 2367 XXVI
1010 2326 1029 2366 a
1053 2305 1072 2383 ξ
1099 2304 1140 2366 10
1164 2301 1205 2365 ad
1231 2303 1287 2383 12,
1315 2303 1412 2367 altera
1430 2297 1467 2363 tt

353 2407 465 2471 XXIX
488 2409 645 2492 §lsqq.,
668 2429 734 2473 non
758 2407 866 2491 inepte
890 2408 1036 2491 profecto
1060 2409 1224 2492 suspicere
1248 2409 1402 2475 alterutro
1420 2408 1468 2472 lca

355 2514 512 2579 Varronis
540 2516 633 2579 illum
662 2514 823 2599 imagines
855 2518 930 2578 ante
964 2514 1075 2581 oeulos
1108 2514 1274 2580 habuisse.
1319 2514 1468 2580 Posteriora

355 2627 464 2686 autem
492 2623 644 2706 quoniam
669 2625 703 2685 et
724 2622 831 2685 minus
859 2621 952 2686 finito
975 2644 1110 2687 numero
1133 2629 1166 2686 et
1191 2622 1419 2689 hebdomadem
1435 2638 1468 2682 cx·

354 2729 485 2792 cedente
522 2733 750 2792 enumerantur
787 2727 1018 2812 Hippocrates,
1055 2730 1209 2794 Prodicus
1248 2727 1469 2815 Selymbriauut

354 2833 568 2919 Chrysippus,
610 2834 843 2917 Erasistratus,
884 2835 983 2917 Acro,
1024 2835 1240 2920 Herophilus,
1283 2831 1469 2920 Asclepiade,

354 2941 521 3024 Themiso,
550 2941 711 3005 Antonius
735 2941 830 3005 Musa
858 2964 929 3005 cum
954 2942 1026 3005 aliis
1055 2943 1110 3026 qui
1138 2943 1213 3007 illos
1244 2955 1471 3028 exasperaret

353 3051 462 3129 potest
497 3069 560 3110 uon
598 3069 635 3111 eo
678 3048 834 3112 inclinare
877 3049 1017 3132 animus,
1058 3054 1095 3113 ut
1135 3049 1243 3132 ipsum
1281 3047 1471 3133 septenarium

354 3176 524 3217 numerum
548 3154 711 3235 explentia
733 3156 866 3220 nomina
889 3157 959 3238 illa,
987 3178 1069 3239 quae
1093 3156 1211 3238 prioris
1237 3155 1302 3220 loci
1325 3157 1402 3222 satis
1417 3166 1473 3219 'cor

354 3261 421 3324 cisa
444 3261 607 3325 mentione
631 3261 812 3339 sociantur,
840 3263 880 3326 ad
905 3262 1085 3328 Varronem
1115 3268 1282 3327 auctorem
1306 3265 1473 3328 referantur:

355 3366 607 3451 Hippocratis
633 3366 703 3451 ‘qui
722 3369 844 3451 primus
864 3370 1012 3433 medendi
1030 3375 1204 3453 praecepta
1223 3371 1400 3436 clarissime
1421 3385 1474 3433 cor

352 3474 459 3557 didit',
478 3474 607 3539 Diocli
626 3474 770 3559 Carystii
791 3475 860 3559 ‘qui
880 3476 1037 3541 secundus
1057 3481 1163 3540 aetate
1182 3477 1336 3561 famaque
1355 3466 1477 3547 exstitit,

353 3579 632 3664 Praxagorae,
665 3581 907 3667 Chrysippi,
945 3583 1218 3666 Erasistrati,
1256 3576 1468 3668 Herophili

352 3685 608 3768 Asclepiadis.
641 3686 733 3762 Quod
753 3690 802 3752 cui
820 3711 886 3754 nou
911 3691 1124 3773 improbabile
1143 3690 1309 3754 videbitur
1332 3692 1380 3773 (et
1396 3683 1470 3753 noni

351 3793 456 3856 natim
480 3791 534 3857 ‘M.
553 3791 733 3858 Varronem
753 3796 930 3860 auctorem'
949 3796 1074 3862 Plinius
1098 3799 1132 3860 in
1153 3819 1190 3861 eo
1212 3798 1287 3880 ipso
1306 3816 1475 3883 argumen

351 3898 463 3961 laudat
483 3904 502 3978 ξ
526 3899 592 3981 14),
616 3899 713 3962 simul
737 3900 872 3965 habebit
894 3925 951 3967 cur
973 3903 1008 3966 in
1032 3903 1263 3985 componendis
1286 3898 1478 3970 hebdomadi

350 4027 416 4069 uon
439 4005 620 4089 neglexisse
639 4004 822 4071 Varronem
845 4014 1027 4092 temporum
1047 4010 1191 4073 rationes
1210 4010 1274 4074 sibi
1298 4010 1467 4095 persuades

351 4110 435 4176 Nam
460 4117 591 4195 poetam
615 4113 744 4195 quidem
764 4115 943 4180 Ausonium
962 4139 1029 4181 non
1048 4122 1098 4182 est
1117 4117 1236 4181 mirum
1261 4140 1319 4182 suo
1340 4118 1411 4183 arbi
1447 4142 1477 4170 :u

351 4218 545 4283 architectos
570 4217 791 4287 Varronianus
820 4244 1020 4307 enumerare,
1049 4223 1103 4306 qui
1128 4247 1144 4287 e
1172 4229 1360 4308 temporum
1387 4225 1478 4290 ordin

351 4326 398 4390 sic
430 4325 538 4409 potius
576 4346 610 4387 se
647 4329 862 4411 excipiebant:
900 4331 1062 4394 Daedalus
1070 4381 1078 4413 ,
1115 4329 1327 4415 Chersiphro,
1363 4330 1472 4395 Ietiu

350 4432 455 4517 Philo,
475 4431 683 4516 Dinochares,
703 4434 927 4501 Archimedes:
951 4437 1078 4520 quando
1099 4438 1137 4501 de
1157 4438 1297 4520 septimo
1314 4436 1425 4501 Mense
1448 4464 1451 4487 ³
1477 4462 1478 4484 ³
