2956 5018
444 352 523 401 srvs
548 353 794 401 1111011111
819 355 922 401 cmm.
1191 341 1254 405 511

135 522 243 585 prorem
261 500 463 581 incomperta
481 518 533 560 res
553 501 610 561 est.
644 494 796 562 Ceterum
815 497 918 562 altero
937 499 1009 563 loco
1029 499 1087 562 illo
1107 499 1256 565 Pliniano

137 607 264 694 quoniam
287 603 446 669 Varronis
475 604 554 668 item
585 602 706 668 mentio
735 603 773 667 fit
803 606 823 684 ξ
846 604 882 687 4,
912 603 945 668 11
968 610 1121 689 promptu
1145 611 1196 671 est
1218 608 1257 673 de

138 712 364 797 Disciplinarum
391 711 484 776 libris
513 711 670 794 cogitare,
700 732 836 794 quorum
860 716 1008 794 octavus,
1038 713 1093 796 qui
1116 713 1178 778 suit
1201 713 1256 779 ‘de

138 817 292 895 medicina'‚
316 817 385 882 illic
409 817 601 901 explicatam
625 818 794 882 materiam
818 819 1024 901 suppeditare
1047 821 1162 903 potuit.

205 926 311 992 Paullo
340 925 439 989 etiam
467 926 540 1008 plus
573 924 661 1007 fidei,
689 924 753 988 uisi
785 924 941 1007 fallimur,
971 927 1256 993 statuariorum

138 1033 286 1099 hebdomas
310 1031 411 1096 habet
434 1031 567 1096 Heurici
586 1030 724 1095 Brunnii
747 1030 852 1095 nostri
876 1031 1024 1095 acumine
1046 1032 1200 1118 indagata
1222 1035 1256 1099 in

138 1138 248 1205 XXXIV
270 1138 356 1204 libro
375 1138 483 1202 Plinii.
521 1137 620 1202 Cuius
645 1136 683 1200 de
707 1141 778 1202 arte
800 1136 859 1200 1111
882 1137 1040 1222 clarisque
1063 1140 1098 1203 in
1121 1162 1160 1204 11
1178 1141 1255 1206 arti·

139 1247 227 1312 licitus
256 1246 336 1333 (non
369 1246 408 1310 de
441 1243 608 1329 operibus)
638 1244 759 1310 iudicia
789 1246 893 1310 bonae
925 1245 1030 1331 frugis
1061 1247 1156 1330 plena
1183 1269 1255 1312 cum

138 1374 189 1418 uon
211 1354 260 1419 alii
287 1354 351 1419 nisi
374 1351 516 1418 Varroni
545 1352 655 1417 deberi
684 1353 765 1416 11111
794 1375 832 1416 11
855 1352 1034 1436 disputatio
1058 1355 1256 1437 persuaserit

139 1480 213 1543 quan
235 1461 267 1525 in
289 1460 382 1524 Actis
407 1481 470 1524 soc.
490 1457 562 1524 Sax.
587 1460 664 1524 anni
693 1461 776 1524 1850
799 1482 818 1522 a
841 1480 914 1544 pag.
942 1461 1002 1524 127
1028 1460 1068 1524 ad
1094 1459 1254 1526 136111-

138 1565 194 1630 nius
211 1566 373 1650 pertexuit,
396 1569 504 1629 tamen
527 1565 584 1628 illa
608 1565 693 1648 quod
717 1587 733 1628 e
756 1564 849 1629 libris
870 1564 919 1630 ‘de
938 1566 1137 1650 proprietate
1156 1567 1254 1650 scrip-

139 1673 237 1738 torum'
266 1697 286 1739 a
312 1671 460 1737 Varrone
492 1672 589 1737 factis
622 1674 826 1756 repetuntur,
858 1672 892 1736 id
919 1678 1033 1756 suapte
1062 1677 1179 1738 natura
1207 1674 1255 1739 ita

139 1786 332 1864 conparatum
363 1784 415 1844 est
442 1782 492 1861 ut,
525 1780 655 1844 etiamsi
683 1779 832 1863 redargui
861 1784 950 1844 certa
978 1780 1255 1846 demonstratione

140 1892 261 1972 1111111,
287 1893 397 1952 tamen
419 1909 460 1951 ne
484 1891 589 1952 certae
614 1887 902 1951 commendationis
926 1888 1058 1970 quidem
1081 1889 1253 1972 quicquam

140 1988 239 2079 habeat,
260 1995 295 2060 in
318 1997 410 2059 tanta
433 1994 624 2078 praesertim
648 1993 841 2078 argumenti,
864 2016 928 2078 quo
953 2016 1007 2058 eos
1031 1994 1134 2059 libros
1152 1995 1253 2060 fuisse

140 2100 294 2186 suspiceris,
326 2102 534 2167 obscuritate.
586 2099 675 2185 Ergo
709 2100 750 2164 ab
781 2099 883 2183 ipsius
913 2099 1020 2163 Iahnii
1052 2101 1254 2183 expositione

139 2206 269 2286 proiectus
292 2209 458 2274 Brunnius
488 2208 588 2272 talem
616 2207 698 2290 fere,
726 2208 853 2291 qualem
877 2207 999 2271 nostris
1024 2208 1130 2271 verbis
1155 2208 1253 2291 expli-

139 2314 219 2378 catam
245 2315 454 2396 subiecimus,
484 2313 766 2378 ratiocinationem
794 2314 964 2379 nobiscum
993 2315 1253 2380 communicavit.

139 2413 240 2487 Etenim
269 2426 339 2488 tres
371 2421 546 2486 tenendum
579 2442 647 2484 esse
681 2420 786 2484 omnis
820 2420 1052 2503 disputationis
1084 2420 1253 2487 Plinianae

140 2528 222 2604 aras
243 2551 321 2612 esse,
345 2529 501 2593 discretae
525 2527 611 2590 inter
634 2550 668 2591 11
686 2531 799 2609 utpote
819 2549 835 2588 e
855 2525 990 2590 diversis
1010 2527 1155 2591 fontibus
1175 2528 1253 2593 hau·

140 2631 198 2696 stas:
220 2637 357 2719 primam
380 2634 509 2719 quidem
533 2633 809 2717 chronologicam:
843 2633 996 2710 alteram,
1019 2655 1101 2716 quae
1125 2657 1144 2699 1
1166 2639 1186 2715 ξ
1210 2638 1253 2700 54

138 2731 262 2823 iucipiens
295 2743 328 2806 in
361 2739 569 2825 designandis
600 2740 680 2803 artis
711 2739 910 2823 principibus
939 2743 1011 2804 tota
1038 2743 1251 2806 consumitur:

138 2844 247 2932 udan,
268 2849 360 2914 cuius
383 2847 513 2911 initium
537 2846 574 2909 fit
598 2869 617 2909 a
636 2848 656 2925 ξ
677 2847 728 2928 12,
752 2846 1000 2929 alphabeticum.
1037 2845 1163 2911 Harum
1183 2871 1252 2931 par·

136 2943 195 3014 lium
219 2955 336 3037 media,
366 2975 462 3037 quam
493 2975 558 3017 101
588 2953 751 3016 immerito
780 2952 1071 3036 paradigmaticam
1101 2954 1203 3038 dieas,
1232 2978 1252 3019 a

136 3050 248 3128 11411
266 3062 308 3125 67
335 3061 476 3145 quinque
500 3060 675 3124 statuarios
698 3060 858 3123 recenseri
878 3059 1074 3143 iudicarique
1093 3061 1252 3146 Phidiam,

135 3151 313 3250 Polyclitum,
331 3166 510 3250 Myronem,
529 3165 761 3250 Pythagoram,
780 3151 967 3250 Lysippum.
1002 3168 1051 3230 Ad
1071 3167 1251 3234 Varronem

133 3257 191 3335 lucc
202 3274 339 3358 quinque
354 3272 473 3337 iudicia
489 3275 574 3336 recte
589 3272 715 3335 referri:
730 3273 872 3336 indidem
888 3273 989 3356 igitur
999 3279 1249 3339 consentaneum

133 3390 185 3442 esse
207 3381 305 3446 etiam
333 3402 387 3444 eas
416 3400 497 3463 quae
526 3378 668 3461 reliquae
698 3384 774 3442 sunt
803 3377 1026 3462 paragraphos
1050 3379 1179 3444 68---71
1205 3403 1250 3444 re-

128 3484 185 3561 rea
226 3488 315 3564 Quae
343 3490 498 3571 quattuor
527 3486 723 3569 paragraphi
748 3508 819 3550 cum
843 3486 877 3548 in
901 3484 1094 3567 Telephanis
1119 3490 1151 3550 et
1174 3486 1250 3551 Pra-

126 3587 222 3677 xitelis,
246 3593 478 3659 statuariorum
497 3592 585 3675 item,
607 3594 758 3657 laudibus
780 3597 955 3674 versentur,
975 3596 1100 3675 septem
1120 3593 1249 3676 prodire

123 3699 198 3765 unius
219 3701 349 3785 generis
373 3700 529 3783 artifices,
552 3700 667 3783 quibus
692 3704 817 3783 partem
841 3700 1129 3785 paradigmaticam
1151 3699 1249 3764 Plinii
1264 3717 1285 3755 x

122 3824 230 3872 omnem
263 3805 421 3872 concludi.
473 3806 544 3882 Quo
578 3812 628 3870 sat
661 3827 757 3890 grave
790 3806 945 3870 indicium
978 3807 1047 3871 fieri
1079 3809 1125 3870 eis
1158 3808 1248 3871 libris

122 3907 260 3979 latronis
292 3913 328 3977 in
357 3912 415 3976 illa
442 3917 534 3995 parte
564 3913 796 3977 conscribenda
819 3913 961 3977 Plinium
987 3935 1079 3976 usum
1104 3936 1186 3996 esse,
1215 3915 1249 3977 in

122 4020 217 4106 yuibus
251 4020 321 4104 ipse
355 4021 558 4102 septenarius
591 4041 742 4084 numerus
774 4020 940 4104 regnabat.
991 4018 1171 4084 Fatendum
1200 4025 1249 4084 est

122 4148 180 4193 ane
208 4125 443 4211 ignobiliorem
470 4126 603 4210 reliquis
625 4126 843 4210 Telephanem
868 4126 1049 4210 exstitisse,
1082 4130 1115 4191 et
1141 4128 1247 4191 fassus

122 4232 302 4300 stPliniue
335 4232 406 4315 ipse
432 4255 498 4297 non
526 4234 595 4298 sine
624 4234 807 4298 mirationis
836 4233 972 4316 quadam
1003 4233 1247 4317 significatione,

122 4343 250 4427 sparte
273 4343 383 4404 autem
407 4339 635 4426 chronologica
658 4363 698 4405 ne
722 4347 1029 4405 commemoraverat
1048 4340 1190 4424 quidem:
1214 4344 1249 4403 11

122 4447 239 4514 undem
260 4451 374 4513 tamen
396 4448 482 4512 idem
499 4447 624 4513 Plinius
649 4448 738 4511 addit
760 4469 871 4511 eorum
895 4447 1068 4533 suffragiis,
1090 4445 1144 4530 qui
1163 4468 1247 4511 com-
