2932 5026
137 3926 176 3965 806

194 327 258 390 732
559 346 630 392 uns
652 344 811 393 nrcnrsre
835 344 980 393 suenus.

281 489 463 552 terraneam
502 489 646 574 [plagam
683 490 830 571 noscere]
869 489 1174 572 concupiscc[re]m,
1213 491 1333 552 secutus

283 596 383 676 [sum]
408 593 552 659 Gallicas
571 594 670 679 Alpes
694 599 727 658 et
749 595 854 659 lustro
869 594 1015 679 'populos
1033 593 1200 678 Aquilone
1221 592 1334 677 pallen-

283 704 342 765 tes.
387 701 461 767 inde
490 701 538 765 sol
566 701 714 767 occidens
742 699 877 783 placuit:
907 699 1001 764 flecto
1026 720 1170 764 cursum:
1198 701 1254 764 sed
1277 705 1332 765 sta·

280 807 341 871 tim
368 830 428 891 par
453 807 602 890 horrore,
635 829 695 890 par
723 806 856 889 vertice,
888 828 947 890 par
974 805 1031 870 ille
1057 805 1187 871 nivibus
1211 805 1332 891 Alpinis

192 911 235 977 55
280 914 464 998 Pyrenaeus
502 913 637 997 excepit.
684 913 786 995 vides,
823 913 957 996 hospes,
994 934 1078 997 quae
1115 913 1225 996 spatia
1260 915 1332 978 coeli

279 1020 535 1106 peragraverim,
565 1042 647 1104 quae
674 1019 773 1084 maris
798 1041 919 1103 quaeve
941 1021 1111 1084 terrarum.
1156 1041 1224 1084 non
1248 1020 1333 1084 aliter

281 1127 494 1211 mehercules,
527 1127 554 1190 si
584 1126 730 1191 conferre
758 1127 868 1210 parvis
897 1148 1018 1212 magna
1044 1126 1135 1210 licet,
1168 1147 1259 1190 sacer
1284 1126 1332 1190 ille

281 1232 405 1297 iuvenis
441 1235 545 1298 terras
582 1232 806 1317 pervolitavit,
842 1234 894 1298 cui
925 1233 1025 1297 Terra
1061 1235 1168 1296 mater
1205 1254 1332 1316 capaces

281 1343 471 1403 oneraverat
494 1339 643 1424 frugibus
667 1341 820 1423 amictus,
844 1343 877 1404 et
900 1363 971 1405 cum
995 1340 1073 1404 alite
1096 1344 1249 1423 serpente
1272 1362 1332 1403 cur·

192 1445 235 1509 60
280 1468 351 1509 rum
374 1446 447 1529 ipsa
470 1446 638 1529 iunxisset,
660 1446 725 1511 nisi
748 1450 819 1511 toto
843 1447 921 1512 orbe
944 1450 1118 1532 peragrato
1142 1447 1246 1511 vetuit
1264 1469 1332 1510 suas

279 1553 385 1617 redire
416 1557 591 1636 serpentes.
635 1554 733 1618 liceat
763 1574 841 1638 ergo
871 1554 1004 1619 tandem
1034 1553 1177 1639 fatigato
1206 1552 1259 1617 hic
1281 1553 1333 1615 ali·

280 1659 407 1742 quando
441 1661 658 1726 succumbere.
710 1661 739 1726 si
772 1658 907 1745 Scythes
940 1683 1059 1743 essem,
1078 1660 1160 1724 'iam
1193 1658 1333 1743 plaustra

280 1764 464 1849 solvissem3
493 1767 520 1831 si
544 1788 647 1852 vagus
671 1767 886 1852 gubernator,
908 1767 974 1831 iam
997 1766 1105 1831 dicata
1127 1766 1240 1851 pelagi
1263 1765 1331 1830 deae

280 1894 379 1954 prora
402 1875 565 1957 penderet.
589 1896 754 1960 quousque
777 1874 991 1960 vagabimur?
1015 1895 1057 1937 an
1082 1894 1210 1956 semper
1232 1873 1330 1956 hospi·

192 1977 235 2041 65
280 1982 330 2042 tes
358 1981 500 2045 erimus?
537 1982 625 2046 ferae
649 1983 754 2047 cubile
777 1982 987 2065 prospiciunt,
1010 1985 1044 2044 et
1067 2001 1144 2045 aves
1168 1984 1331 2073 senescunt

191 2114 194 2121 ·
281 2086 314 2149 in
345 2087 431 2151 nido.
477 2087 505 2150 si
537 2087 607 2152 fata
634 2088 771 2153 Romam
804 2093 925 2173 negant
957 2087 1112 2172 patriam,
1145 2086 1257 2151 saltim
1285 2088 1330 2151 hic

281 2213 410 2256 manere
434 2193 611 2277 contingat.
649 2196 735 2278 quid,
758 2195 843 2280 quod
864 2193 1060 2259 consuetudo
1079 2215 1132 2258 res
1151 2193 1249 2258 fortis
1268 2194 1330 2259 cst?

281 2303 314 2361 et
348 2320 420 2364 ecce
453 2300 518 2365 iam
547 2301 772 2366 familiaritate
805 2302 961 2366 continua
992 2300 1107 2364 civitas
1139 2300 1237 2365 nobis
1268 2301 1331 2384 ipsa

280 2406 460 2488 blanditur,
483 2430 574 2492 quae,
597 2409 625 2472 si
649 2410 723 2493 quid
748 2409 850 2473 credis
874 2407 963 2491 mihi,
987 2407 1041 2490 qui
1066 2406 1170 2472 multa
1194 2406 1331 2490 cognovi,

193 2512 235 2576 70
281 2513 424 2577 omnium
453 2535 574 2597 rerum,
604 2537 686 2599 quae
714 2516 753 2579 ad
777 2514 919 2598 quictem
943 2513 1120 2598 eliguntur,
1150 2513 1332 2596 gratissima

281 2624 339 2683 est.
384 2621 539 2703 populum
564 2622 666 2704 videS,
691 2645 709 2685 o
733 2620 852 2704 hospes
877 2626 909 2684 et
933 2620 1048 2702 amice,
1071 2620 1220 2702 probum,
1243 2618 1332 2702 frugi,

280 2726 437 2809 quietum,
462 2727 552 2791 tardo
577 2728 714 2811 quidem,
738 2728 793 2790 sed
817 2727 936 2791 iudicio
961 2726 1167 2808 hospitalem.
1215 2726 1330 2789 coelum

280 2832 486 2914 peculiariter
518 2835 734 2915 temperatum
767 2833 882 2896 miscet
914 2833 1013 2911 vices,
1046 2837 1079 2895 ot
1110 2837 1226 2896 notam
1256 2833 1332 2895 veris

280 2943 367 3002 totus
393 2961 495 3002 annus
519 2939 675 3002 imitatur.
703 2943 791 3002 terra
813 2939 931 3003 fertilis
952 2939 1074 3021 campis
1095 2942 1127 3001 et
1146 2939 1256 3023 magis
1274 2940 1331 3002 col-

280 3045 379 3108 libus:
407 3066 482 3108 nam
505 3043 620 3107 Italiac
649 3046 732 3109 vites
757 3047 887 3109 affectat
911 3050 944 3109 et
967 3049 1135 3128 comparat
1160 3067 1254 3109 areas
1278 3048 1331 3126 [el]

280 3152 423 3216 serotino
452 3173 517 3215 non
542 3152 701 3214 erubescit
724 3156 887 3216 autumno.
934 3151 1059 3235 siquid
1085 3152 1125 3215 ad
1150 3174 1220 3216 rem
1246 3153 1332 3235 perti·

279 3263 343 3341 net,
366 3258 480 3322 civitas
503 3258 576 3341 ipsa
599 3259 857 3342 generosissimis
882 3259 1034 3341 auspiciis
1058 3259 1223 3323 instituta.
1265 3282 1331 3323 nam

280 3368 407 3447 practer
431 3362 579 3428 Caesaris
603 3364 735 3446 vexilla,
766 3387 846 3448 quac
870 3369 1004 3448 portant
1027 3366 1229 3450 triumphos,
1259 3367 1332 3431 unde

278 3493 396 3535 nomen
420 3471 554 3554 accepit,
578 3471 670 3536 adest
693 3472 790 3535 etiam
814 3472 984 3556 peregrina
1007 3473 1175 3536 nobilitas.
1222 3474 1332 3557 quippe

279 3579 306 3641 si
325 3582 435 3642 vetera
453 3577 578 3660 templa
592 3577 755 3660 respicias
773 3578 826 3640 hic
841 3578 896 3641 ille
911 3578 1027 3641 colitur
1042 3578 1196 3662 corniger·
1210 3580 1331 3662 praedo.

279 3685 333 3769 qui
353 3684 486 3766 Tyriam
511 3684 669 3768 virginem
693 3688 827 3765 portans
851 3684 927 3746 dum
950 3662 1102 3765 per⁰tota
1122 3685 1233 3748 maria
1250 3685 1330 3751 lasci·

279 3789 335 3872 vit,
357 3789 411 3853 hic
435 3789 544 3852 amisit
567 3793 600 3852 et
623 3790 780 3873 substitit,
803 3795 836 3854 et
860 3791 927 3853 cius
952 3812 1048 3874 quam
1067 3789 1200 3855 ferebat
1220 3793 1329 3857 oblitus

279 3896 386 3960 subito
410 3900 555 3960 nostrum
579 3896 671 3959 littus
696 3897 869 3960 adamavit.
915 3896 978 3960 Hic
1001 3918 1073 3961 cum
1098 3919 1161 3982 ego
1188 3900 1329 3983 respiras·

279 4025 361 4086 sem,
384 4004 495 4068 statim
520 4003 687 4086 Baeticus,
711 4027 738 4087 o,
762 4004 877 4087 inquit,
901 4005 1030 4067 beatam
1054 4004 1237 4088 civitatem,
1260 4026 1328 4090 quac

190 4111 233 4175 85
279 4112 313 4174 in
345 4115 376 4174 tc
405 4111 527 4175 incidit.
574 4111 842 4194 quemadmodum
872 4116 979 4175 tamen
1008 4116 1040 4174 te
1067 4112 1279 4196 prosequitur
1302 4116 1327 4174 ct

279 4218 356 4302 quid
380 4218 433 4282 hic
458 4221 490 4298 [a
514 4219 559 4299 te]
585 4218 716 4303 agitur?
740 4218 822 4281 unde
842 4218 992 4280 subvenit
1011 4217 1161 4282 reditus?
1187 4242 1229 4284 an
1247 4223 1327 4303 pater

279 4325 320 4388 ab
349 4323 461 4387 Africa
493 4324 739 4388 subministrat?
767 4361 810 4370 —
838 4323 931 4387 Vnde
967 4326 1014 4403 [tu
1043 4325 1167 4406 putas?
1201 4349 1221 4390 a
1247 4327 1326 4409 patre

279 4431 421 4515 quidem]
446 4451 657 4513 nequaquam,
681 4453 752 4494 cum
778 4432 877 4511 [eum]
903 4428 963 4492 hac
983 4430 1055 4511 ipsa
1076 4430 1325 4515 peregrinatione
