2932 5026
137 266 202 330 328
409 278 650 341 ovnasmonas
674 276 1011 324 ononsronoemra.

137 426 328 504 Πολέμων
351 422 520 487 Polemo:
544 420 638 485 miles
662 419 845 485 comoediae
869 422 955 484 teste
974 416 1106 485 Donato
1130 417 1172 485 ed
1194 417 1281 484 Adel·

183 531 272 615 phon
294 528 319 612 Ι,
345 531 373 613 1,
399 532 425 593 1.

139 636 519 716 *Πολτοφαγωνίδηε
547 632 899 718 Pultiphagonides
927 630 1284 718 (Pvnrlrneonmnslz

186 743 325 826 septimo
354 742 481 806 demum
510 741 639 805 saeculo
663 763 692 804 u.
716 761 741 806 c.
768 739 954 805 ioculariter
976 741 1087 806 fictum
1112 760 1233 806 nomen
1255 739 1286 804 in

183 849 319 933 prologo
349 849 483 914 Poenuli
511 872 541 916 v.
565 848 621 913 54:
654 847 758 932 quode
786 845 852 911 dixi
880 846 1044 932 Parergon
1066 848 1131 914 tl
1159 870 1192 932 p.
1215 848 1287 914 205.

184 957 254 1033 Quo
277 957 408 1022 nomine
431 955 493 1020 etsi
515 955 670 1020 credibile
694 956 745 1017 est
768 952 809 1017 ad
826 954 964 1018 latinum
974 955 1075 1037 pultis
1093 956 1288 1021 vocabulum

184 1062 314 1147 respici,
342 1067 464 1146 tamen,
487 1083 561 1126 eum
583 1062 795 1145 inpromptu
818 1060 861 1125 sit
884 1081 1035 1145 graecum
1058 1062 1198 1146 πόλτοε,
1225 1085 1289 1127 non

185 1173 235 1234 cst
257 1169 404 1234 hibridae
427 1168 515 1233 vocis
539 1168 606 1232 ulla
628 1167 814 1232 necessitas.
860 1165 968 1231 Prima
992 1168 1120 1252 syllaba
1142 1191 1166 1233 ιι
1190 1191 1248 1253 pro
1271 1191 1290 1234 o

185 1277 308 1361 recepit
331 1280 366 1340 ut
390 1276 425 1340 in
442 1273 728 1359 Burnbomaclrides,
752 1273 891 1338 secunda
912 1275 926 1338 ι’
948 1278 986 1339 ut
1008 1274 1043 1338 in
1060 1274 1220 1360 Demipho
1243 1298 1290 1342 ce·

186 1383 328 1468 terisque
352 1382 508 1466 exemplis
532 1403 631 1465 supra
654 1381 843 1464 compositis
867 1383 928 1446 sub
953 1382 1154 1463 saioooooc

141 1490 432 1570 Πολυβαδί(κο(
464 1487 748 1571 Polybadiscus
781 1485 1090 1575 (Ponvssnmscvs):
1127 1491 1292 1557 Astrabae

187 1596 360 1661 Plautinae
388 1618 484 1659 versu
512 1595 597 1679 apud
620 1593 801 1660 Varronem
825 1595 863 1660 de
886 1596 906 1660 l.
930 1597 985 1662 lat.
1009 1596 1071 1680 VI,
1096 1597 1138 1662 73
1163 1598 1293 1663 restitn-

186 1710 256 1768 tnm
287 1727 307 1767 a
331 1702 504 1786 Scaligero.
551 1700 652 1767 Cuius
674 1703 815 1767 nominis
839 1703 1000 1767 rationem
1022 1726 1089 1769 non
1112 1704 1237 1769 habere
1261 1727 1295 1770 se

190 1812 245 1895 qui
269 1810 349 1874 satis
374 1808 545 1893 expediret,
568 1808 795 1874 Lachmannus
817 1809 924 1874 fassus
948 1813 997 1875 est
1015 1809 1121 1876 Musei
1139 1810 1294 1877 Rhenani

188 1918 230 1982 ab
262 1916 431 1981 Welckero
459 1914 650 2000 Naekioque
683 1915 761 1980 editi
793 1920 816 1980 t.
842 1914 888 1981 VI
915 1939 946 2000 p.
977 1917 1049 1982 120.
1099 1917 1150 1982 Tu
1184 1917 1296 1983 videas

188 2046 270 2109 quae
301 2025 336 2087 in
360 2023 431 2087 Act.
460 2044 523 2086 soc.
551 2022 663 2105 philol.
686 2022 774 2106 Lips.
801 2026 880 2087 torn.
903 2021 950 2086 VI
973 2045 1003 2107 p.
1027 2025 1092 2089 368
1124 2027 1243 2109 [supra
1264 2048 1294 2109 p.

192 2132 254 2196 190
269 2132 329 2214 sq.]
354 2129 503 2213 exposita
526 2132 610 2193 sunt.

149 2236 469 2303 *l'loturrloiicuoc
501 2234 754 2319 Polyplusius
785 2233 1069 2321 (Ponvrnvfflvs):
1102 2241 1200 2320 pater
1228 2235 1297 2301 Eli·

190 2344 297 2409 densis
312 2343 509 2426 Polpplusius
524 2343 788 2425 Theodoromedes,
808 2341 1020 2427 Captivorum
1030 2343 1070 2427 V,
1084 2345 1115 2426 2,
1129 2343 1175 2408 20
1185 2340 1297 2430 (973),

191 2452 230 2516 cf.
253 2450 294 2534 ΙΙ,
317 2451 348 2533 2,
372 2451 413 2515 27
439 2448 532 2533 (277)
555 2449 772 2532 Polyplcsium
797 2470 901 2531 penus.
946 2448 1099 2515 Imitatus
1121 2454 1176 2516 est
1197 2455 1298 2535 poeta

190 2559 330 2623 nominis
354 2556 620 2644 cognominisque
644 2557 833 2621 societatem
858 2557 957 2621 moris
980 2557 1129 2623 Romani.

146 2665 487 2744 Πτολεμοκρὰτεια
506 2664 826 2728 Ptolemocratia:
850 2663 1007 2748 sacerdos,
1027 2663 1190 2729 Rudentis
1204 2663 1247 2748 Il,
1264 2665 1295 2748 5,

192 2774 235 2836 24
254 2769 357 2857 (481).
392 2770 453 2852 [De
477 2774 625 2853 correpte
649 2771 849 2854 paenultima
868 2772 906 2835 cf.
926 2770 1154 2836 Lachmannus
1174 2772 1215 2837 ad
1235 2771 1293 2836 Lu-

192 2884 269 2944 cret.
295 2902 324 2961 p.
347 2878 408 2943 159
429 2882 462 2942 ct
481 2877 519 2942 G.
539 2876 670 2942 Curtius
695 2877 727 2941 in
751 2878 841 2941 relat.
866 2899 929 2942 soc.
953 2877 1070 2943 Saron.
1093 2878 1180 2943 1864
1202 2900 1234 2961 p.
1253 2877 1292 2957 5.]

192 2984 438 3063 Πολεμοκρατία
470 2985 554 3047 ίιλοηι
589 3005 707 3047 nomen
737 2984 893 3066 scriptum
921 2987 971 3047 cst
997 2985 1081 3068 apud
1109 2982 1293 3069 Appianum

193 3093 223 3157 b.
247 3091 304 3154 civ.
328 3090 384 3173 IV,
409 3091 460 3154 75.

149 3197 511 3276 *Πυργοπολινίκηι
527 3195 849 3282 Pyrgopolinices
863 3196 1220 3285 (Pvnconon1n1cns):
1238 3199 1295 3264 mi·

193 3305 240 3369 les
264 3302 381 3368 Militis
405 3303 549 3388 gloriosi.
595 3303 812 3387 Exspectatur
834 3304 1091 3386 Pyrgopolinices
1113 3303 1240 3387 potius,
1261 3309 1297 3368 ut

194 3412 227 3475 in
257 3411 372 3477 ceteris
400 3432 500 3495 prope
524 3409 673 3475 omnibus
698 3433 781 3494 quae
805 3434 824 3474 a
847 3410 915 3489 νίκη
939 3409 990 3473 vel
1015 3413 1105 3473 νικᾶν
1128 3409 1297 3476 ducuntur.

195 3518 303 3584 Facile
336 3520 436 3603 igitur
465 3521 558 3601 putes
590 3519 627 3582 ad
659 3517 904 3582 similitudinem
933 3517 1183 3600 adiectivorum,
1216 3539 1298 3602 quae

196 3630 272 3690 sunt
295 3625 537 3703 Ὀλυμπιονίκῃ(
560 3625 751 3703 Πυθιονίκη(
777 3624 966 3704 Νεμεονίκη(
991 3623 1202 3704 Ἰιθμιονίκη(,
1235 3625 1299 3689 fac·

195 3737 264 3796 tum
289 3753 409 3795 nomen
434 3752 513 3813 esse,
537 3730 601 3793 nisi
626 3734 735 3795 tamen
755 3732 853 3796 etiam
873 3736 1033 3796 certorum
1053 3733 1140 3796 inter
1158 3731 1300 3796 Graecos

194 3836 363 3901 hominum
391 3837 561 3921 proprium
584 3836 774 3916 Πυθιονίκη(
803 3841 945 3902 exstaret
972 3839 1051 3903 locis
1079 3835 1301 3903 aBenselero

196 3944 318 4009 allatis:
342 3967 436 4029 quem
460 3943 499 4008 ad
524 3943 653 4008 modum
678 3944 780 4008 altera
803 3968 841 4009 ex
859 3949 952 4028 parte
972 3944 1216 4024 Ὀλυμπιόνικο(
1231 3947 1299 4011 Πυ-

198 4051 336 4117 θιόνικο(
366 4052 463 4117 etiam
491 4074 549 4136 pro
579 4051 747 4116 adiectivis
776 4053 874 4118 fuisse
898 4057 998 4118 const·
1012 4056 1036 4117 t.
1081 4053 1152 4128 (luo
1177 4051 1305 4118 accedit

196 4163 233 4223 ut
265 4160 359 4223 facile
391 4161 540 4225 credatur
569 4163 667 4244 poete
697 4160 737 4223 ad
766 4160 900 4225 celebris
928 4161 1127 4239 Πολυνείκη(
1155 4159 1304 4225 nominis

199 4286 313 4329 sonum
336 4264 476 4330 alludere
500 4266 652 4330 voluisse.

154 4371 298 4439 Πυθιά(
333 4370 496 4458 Pythias
530 4368 703 4457 (Pvms):
736 4371 856 4436 ancilla
881 4370 1046 4460 Eunuchi3
1076 4408 1113 4420 -
1144 4374 1306 4442 meretrix
