2932 5026
154 366 158 371 Ι
187 288 252 351 342
459 303 700 362 quusrrouus
725 302 1059 349 ‹anarrinonoarcna

188 448 241 510 nis
266 445 483 510 Gaeturreusis
512 445 788 528 opportunitatem
818 445 914 528 louge
938 445 1220 526 amoenissimam,
1249 444 1284 508 F.
1307 445 1342 509 G.

189 553 510 616 Schneidewinus
533 556 644 616 noster
664 551 725 615 lide
746 552 941 616 suavitatem
961 574 1112 636 aequans,
1136 552 1342 616 humanitate

136 719 147 743 ‚
189 660 299 742 tidem,
326 660 445 723 litteris
474 659 725 739 humanitatem:
760 681 856 743 quem
884 682 947 742 quo
977 660 1083 723 minus
1111 659 1343 743 praesagiebat

190 767 317 830 animus
346 789 419 830 mox
449 771 481 831 et
510 766 728 830 familiaribus
753 769 849 849 atque
873 765 986 829 amieis
1010 769 1043 829 et
1066 766 1204 848 optimis
1229 765 1343 831 studiis

191 879 258 937 tam
281 873 455 938 immaturo
478 873 546 937 fato
572 877 717 956 ereptum
740 873 797 955 iri,
821 894 858 935 eo
882 894 967 936 uerno
991 873 1158 937 acerbiore
1181 871 1273 936 luctu
1297 893 1343 936 ca·

190 980 356 1043 rissimum
385 985 483 1064 caput
513 979 747 1063 prosequimur.
799 997 894 1042 nave:
914 1014 921 1027 ·
944 998 1001 1043 Pla
1021 1014 1027 1028 ·
1047 997 1141 1056 aro·
1163 996 1343 1044 CANDIDA·

189 1104 301 1149 amiur
316 1121 322 1134 ·
338 1103 391 1151 sm
407 1121 414 1135 ·
430 1105 501 1150 run
517 1103 654 1160 granna
669 1119 675 1133 ·
691 1102 799 1150 nnvrs.

150 1181 167 1201 ²
280 1194 309 1256 2.
347 1193 460 1257 Paullo
485 1191 697 1257 confidentius
722 1192 760 1254 de
785 1171 868 1254 servi
892 1193 1021 1256 nomine
1044 1193 1238 1277 iudicamus,
1262 1195 1343 1258 unde

194 1300 372 1365 'I'rueulcu-ti
400 1321 516 1364 nomeu
541 1298 694 1362 Plautina
723 1297 834 1361 fabula
857 1299 966 1362 traxit.
1012 1299 1104 1375 Quod
1128 1322 1226 1365 nemo
1251 1300 1343 1366 facile

194 1408 304 1471 credat
319 1405 564 1471 STRATILAX
580 1405 689 1488 fuisse,
709 1405 756 1468 uti
776 1406 808 1467 iu
830 1406 973 1488 antiquis
992 1407 1084 1471 libris
1103 1431 1169 1472 uno
1185 1408 1257 1473 solo
1274 1409 1343 1473 loco

194 1515 360 1577 exaratum
379 1519 437 1596 est,
457 1515 490 1577 in
510 1513 722 1595 inscriptione
743 1535 878 1576 scaenae
898 1514 1023 1596 primae
1037 1517 1128 1578 aetus
1143 1516 1250 1581 tertii:
1270 1538 1343 1581 nam

110 1680 116 1688 .
193 1625 226 1683 et
250 1621 283 1684 in
307 1620 504 1704 insequentis
529 1642 664 1684 scaenae
688 1620 774 1683 etin
801 1623 892 1683 actus
915 1620 1045 1685 secundi
1064 1622 1190 1705 primae
1211 1621 1343 1707 inserip

194 1728 280 1791 tione
310 1732 439 1790 tautum
462 1724 786 1789 TRVOVLENTVS
810 1725 912 1790 Vetus
941 1726 1041 1791 codex
1071 1727 1218 1811 exhibet,
1247 1729 1343 1793 ceteri

192 1857 234 1898 ne
265 1833 326 1897 hoe
355 1830 484 1916 quidem
512 1839 690 1896 servarunt.
742 1831 787 1895 Et
814 1855 947 1916 prorsus
976 1833 1205 1900 convenienter
1233 1833 1343 1900 Veteri

194 1940 296 2004 codici
320 1961 454 2003 scaenae
472 1939 505 2003 ll
523 1944 614 2003 actus
631 1938 663 2002 ΙΙ
683 1940 779 2003 etiarn
803 1940 1038 2020 Ambrosianus
1058 1941 1141 2005 liber
1161 1941 1233 2006 sola
1247 1941 1343 2006 Tssv·

194 2043 425 2111 OVLENTVS
449 2045 705 2110 ASTAPHIVM
733 2047 867 2111 uomina
895 2047 1087 2130 praemittit.
1133 2047 1250 2132 Itaque
1275 2070 1343 2113 cunr

193 2154 226 2216 in
254 2156 406 2235 promptu
434 2152 478 2215 sit
506 2156 563 2214 aut
587 2151 785 2229 (rpdruttoc
809 2156 865 2216 aut
889 2153 1082 2234 (rpurdlot,
1113 2153 1198 2217 unde
1222 2155 1342 2220 comico

194 2260 424 2343 hypocorismo
444 2262 500 2322 aut
514 2259 714 2337 (τρατύλλαξ
734 2259 826 2323 fieret
845 2264 902 2323 aut
921 2260 1116 2338 (τρατύλαξε
1136 2262 1225 2345 quod
1243 2284 1341 2348 genus

195 2367 381 2430 universum
402 2364 585 2429 admirabili
605 2368 641 2427 ut
660 2365 743 2428 solet
763 2365 912 2431 doctrina
931 2367 981 2429 vir
999 2366 1268 2450 incomparabilis
1282 2367 1341 2432 Au·

195 2478 310 2556 gustus
329 2472 512 2537 Lobeclrius
533 2473 720 2560 ¹complexus
740 2476 790 2536 est
809 2472 1080 2559 Paralipomenon
1100 2494 1130 2555 p.
1148 2474 1213 2538 125
1227 2496 1297 2558 sqq.
1315 2480 1343 2540 et

197 2579 409 2662 Pathologiae
429 2580 684 2663 prolegomenon
703 2602 732 2661 p.
747 2579 812 2642 44ss
828 2601 911 2663 sqq:
936 2584 1045 2642 tamen
1066 2577 1286 2644 Stratullax
1306 2603 1343 2646 an

197 2686 399 2751 Stratulax
418 2687 548 2750 nomine
566 2684 800 2750 Truculentum
820 2708 912 2749 suum
933 2708 1002 2749 esse
1023 2691 1120 2768 poeta
1139 2686 1290 2770 voluerit,
1309 2710 1343 2752 ex

196 2794 277 2878 ipsa
293 2793 404 2856 fabula
427 2817 492 2858 uon
517 2797 668 2876 apparet,
691 2796 728 2855 ut
751 2793 785 2855 in
810 2814 873 2875 qua
896 2793 1063 2876 proprium
1087 2794 1205 2857 servoli
1228 2817 1343 2860 nornen

223 2922 357 2982 usquam
390 2899 486 2963 hodie
519 2901 655 2984 legatur.
707 2897 770 2963 Sed
800 2904 909 2962 tamen
938 2904 974 2962 ut
1001 2898 1193 2963 bacchiacae
1223 2901 1343 2966 formae

198 2924 364 3089 &perante
384 3008 456 3089 plus
477 3008 666 3089 tribuamus,
686 3007 886 3088 comparatio
906 3005 1064 3090 epistulae
1080 3005 1251 3085 Tullianae
1269 3007 1343 3072 facit

198 3134 279 3196 quae
309 3116 358 3174 est
387 3112 427 3174 ad
453 3112 596 3175 Atticum
630 3111 685 3174 lib.
709 3110 798 3194 XVl,
825 3113 878 3192 15,
907 3112 961 3175 ubi
984 3134 1068 3175 nuno
1092 3112 1171 3177 haee
1195 3113 1343 3197 leguntur

152 3222 220 3298 1v§
245 3220 278 3281 3:
312 3216 445 3300 ‘Leptae
472 3219 656 3282 litterarum
686 3219 868 3301 exemplum
898 3218 958 3281 tibi
988 3219 1076 3282 misi:
1109 3242 1145 3282 ex
1175 3242 1239 3303 quo
1270 3220 1343 3285 mihi

200 3325 327 3388 videtur
351 3327 544 3404 reperdita}
568 3325 623 3389 ille
647 3325 789 3409 deiectus
814 3326 852 3388 de
876 3324 999 3410 gradu'.
1046 3325 1096 3389 lbi
1120 3326 1253 3408 quidem
1277 3349 1343 3391 curn

202 3433 327 3516 maguis
356 3434 525 3497 conatibus
554 3455 705 3516 graccum
730 3432 923 3496 vocabulum
947 3431 1124 3496 Lambinus
1148 3453 1221 3496 cum
1247 3431 1343 3497 Mala·

201 3540 296 3621 spina
324 3541 463 3603 voluerit
492 3539 705 3618 crpurqlo'trqt
736 3540 847 3621 scribi,
876 3542 1049 3619 (τρατήλαξ
1074 3537 1246 3601 Fischerus
1273 3539 1343 3603 Ani-

127 3696 133 3710 .
203 3645 305 3708 made.
337 3645 377 3707 ad
402 3645 536 3709 Welleri
565 3666 700 3727 gramm.
724 3646 753 3708 ll
782 3669 812 3729 p.
841 3647 899 3727 25,
929 3645 1150 3723 (τρατοφύλαξ
1182 3645 1216 3707 in
1247 3645 1343 3709 lexic<

68 3739 81 3753 ⁶
202 3771 315 3832 gracco
341 3750 552 3815 Selmeiderus
578 3751 677 3834 Saxo,
705 3752 800 3816 hodic
830 3758 938 3816 autem
964 3752 1056 3815 illum
1081 3750 1233 3813 nimirum
1258 3773 1343 3829 erpa·

201 3858 342 3921 τύλλακα
358 3857 424 3921 fere
440 3859 691 3941 interpretentur
705 3859 983 3941 imperatore-ulum,
997 3878 1055 3921 uec
1070 3857 1159 3921 notio
1173 3857 1245 3940 ipsa
1258 3878 1343 3936 erpa·

202 3969 302 4042 τηγοῦ
327 3961 415 4047 (uam
440 3967 468 4029 is
494 3969 659 4048 iuraui-ator
683 3971 732 4030 est
751 3967 870 4031 usitate
890 3965 1107 4049 loquentibus,
1130 3964 1239 4047 poetis
1259 3985 1343 4043 erpa*

202 4068 354 4154 τηλάτηε)
377 4074 536 4154 quomodo
560 4073 621 4138 huc
646 4075 783 4156 quadret
805 4074 1027 4157 perspicimus,
1052 4093 1109 4135 uec
1133 4071 1189 4153 qui
1213 4071 1254 4133 ad
1280 4094 1343 4135 ean

204 4177 371 4239 notionem
409 4179 539 4256 ετρατό(
577 4180 726 4244 vocabuli
764 4182 863 4263 stirps
901 4179 1088 4243 traducatur
1123 4177 1204 4240 satis
1238 4176 1343 4261 liquet

204 4282 317 4365 ltaque
346 4284 432 4365 quod
458 4284 642 4350 Diudorlius
667 4287 699 4350 in
724 4286 878 4370 Stephani
904 4287 1070 4350 Thesauro
1094 4288 1115 4348 t.
1141 4281 1203 4347 Vll
1229 4307 1260 4367 p.
1285 4286 1343 4349 855

205 4388 274 4453 ‘uec
302 4390 485 4475 quiequam'
517 4393 622 4477 iuquit
646 4392 719 4457 ‘huc
742 4395 883 4478 pertinet
907 4415 1024 4457 nornen
1048 4392 1132 4456 servi
1155 4383 1343 4456 St'ratilar
