2932 5026
258 115 323 178 278
653 128 689 175 ru
713 126 823 175 vrunu
846 125 1013 173 euoenon

259 270 406 324 Terentius
429 287 490 323 cum
516 270 632 323 Donato.
656 269 666 338 ΙΙ
690 269 729 321 lu
751 269 805 334 flue
824 265 901 320 Tinis
920 263 1192 320 Commentariorum
1211 263 1284 318 aelii
1301 263 1386 318 Dona.
1457 266 1465 275 '

331 375 413 427 super
437 357 479 413 .P.
503 356 629 412 Terentii
651 356 712 410 afri
735 355 902 412 Comoediis.
925 357 935 424 ΙΙ
958 371 1009 409 nec
1032 370 1086 408 non
1110 352 1224 408 Ioannis
1243 352 1367 421 Celphu
1450 353 1458 363 '

331 464 413 516 super
426 446 762 501 Heautontimorumenon
776 445 923 500 foeliciter.
937 447 947 513 l
960 442 1086 520 Venetiis
1105 461 1155 513 per
1169 442 1329 512 Philippum
1341 443 1364 512 p'
1454 469 1460 489 ·

332 535 405 589 zium
429 535 584 589 Mantuani
607 537 687 589 Anno
712 534 760 588 dni
779 533 833 588 .Μ.
853 532 949 588 CCCC.
970 532 1064 587 XCIII.
1088 531 1179 601 pridie
1203 548 1290 585 nonas
1311 531 1334 584 I:
1352 530 1367 575 ἰ

333 626 460 695 Impcntc
478 622 645 692 Auguistino
663 623 815 677 barbedico
833 620 1008 676 serenissimo
1027 621 1163 689 Venetorp
1181 619 1314 690 principe.

332 713 405 768 Lens
424 712 486 767 deo.
500 715 509 782 II
523 711 653 782 Sequitur
671 711 839 781 Registrum.
1322 709 1364 776 sol.

261 891 395 953 (Initium
422 891 493 944 deest
518 890 549 942 iu
574 887 724 955 exemplari
741 854 896 955 Bouucusi)
934 888 974 941 Iu
995 887 1049 954 fine
1067 887 1128 941 Hoc
1152 903 1221 957 opus
1244 904 1366 956 ·1mpu
1453 912 1456 916 ⁴

333 981 377 1033 est
401 975 553 1031 Mediolani
578 992 628 1045 per
653 975 765 1029 lotnem
791 975 929 1044 Angelum
957 975 1153 1037 Scinzenzeler.
1198 976 1278 1031 Anno
1303 976 1376 1031 dom
1454 1000 1456 1005 ·

335 1066 379 1119 .Μ.
398 1078 503 1119 ccccm.
523 1063 568 1118 die
582 1065 591 1132 11
604 1077 668 1117 nx.
689 1063 824 1118 Octobris.
839 1068 849 1133 ΙΙ
862 1065 994 1133 Sequitur
1011 1063 1182 1133 chistrum.
1323 1065 1369 1131 fol.
1417 1102 1459 1115 ..

263 1226 293 1279 P.
313 1223 436 1279 Terentii
460 1223 540 1293 aphri
560 1223 667 1278 Comici
688 1227 789 1293 poetae
812 1223 1000 1292 disertissi‘lrni
1024 1222 1222 1294 Elegdtiesime
1245 1212 1292 1279 eei
1319 1240 1368 1279 oon
1426 1247 1455 1263 -

335 1314 393 1368 die:
417 1314 451 1367 cri
475 1313 623 1368 succinctis
637 1315 647 1381 ΙΙ
660 1312 811 1367 admodum
831 1312 1049 1382 copendiosisqr:
1072 1329 1129 1367 uon
1147 1312 1240 1366 minue
1258 1311 1380 1380 tame!-
1454 1329 1462 1350 ·

335 1401 447 1456 lucidis:
467 1401 568 1457 Jodoci
582 1401 663 1456 Bedii
682 1400 782 1456 ascesii
801 1400 1062 1471 explanatiollnibus.
1076 1403 1086 1471 ΙΙ
1100 1433 1133 1442 -
1151 1401 1330 1456 Uennnd‘etur
1343 1401 1452 1456 P===

335 1490 428 1544 rhisiis
453 1491 482 1544 in
508 1490 570 1545 vIco
593 1489 797 1546 Muturinomm
819 1492 829 1559 ll
852 1490 925 1544 elli.
944 1489 1077 1546 Durando
1102 1490 1206 1560 gerlier
1248 1492 1274 1545 A
1291 1490 1333 1545 les
1361 1488 1367 1500 ’

283 1575 285 1579 ’
335 1579 504 1634 Inulxveanl.
522 1581 532 1647 ΙΙ
552 1581 591 1633 Ιιι
613 1582 667 1647 ficu
685 1579 761 1634 Finis
786 1577 1028 1648 elegantissimam
1052 1579 1212 1635 comediarir
1228 1578 1353 1635 Terentii
1390 1586 1462 1624 ⁴2

335 1667 637 1738 enotatdnib⁹Jd1doci
656 1667 736 1723 Bcdii
759 1667 890 1738 ascensii:
915 1668 951 1722 ab
970 1667 1039 1723 codri
1057 1667 1202 1738 impensis.
1239 1670 1276 1724 M.
1295 1669 1417 1723 durar-
1441 1682 1451 1702 ⁰

336 1756 445 1828 gerlicr.
460 1756 615 1827 impressioi
630 1756 760 1827 mtjdutis
774 1759 835 1825 atqu
849 1756 985 1812 absolutis
999 1757 1036 1811 ad
1050 1756 1181 1813 calendas
1194 1757 1314 1812 Febma.
1346 1782 1378 1806 a·
1432 1777 1441 1795 ¹

337 1848 416 1901 iuxta
433 1846 568 1902 Parisier'n.
587 1846 710 1901 calculos
723 1848 733 1914 [Ι
747 1844 1178 1917 Milleeimiquingetesimitertij.
1349 1851 1373 1903 4.

266 2007 413 2063 Terentius
439 2023 502 2060 cum
521 2007 531 2075 n
552 2006 651 2075 quiuqs
674 2007 830 2071 cementis:
857 2023 886 2062 ve
904 2006 1029 2076 Donati:
1055 2005 1215 2078 Guidopis:
1241 2008 1384 2079 Celiphur.
1433 2014 1438 2025 ¹

337 2095 464 2151 Asceusii
481 2112 493 2152 2
512 2095 610 2150 Seruii.
624 2098 634 2166 l
649 2095 717 2150 Cum
741 2096 833 2166 gratie
855 2097 892 2151 ob
914 2097 1028 2167 figures:
1042 2098 1052 2166 ΙΙ
1066 2098 1099 2151 ut
1115 2112 1146 2166 pr
1165 2096 1196 2151 in
1213 2095 1255 2153 ei⁹
1272 2093 1411 2169 pnilcgiju

338 2187 346 2254 [I
367 2186 406 2239 Iu
423 2187 477 2253 flue
495 2186 663 2255 Impressum
682 2185 816 2240 Venetiis
834 2203 884 2256 per
902 2186 1039 2240 Lanemm
1057 2185 1093 2241 de
1113 2184 1226 2242 Scerdis
1246 2185 1293 2241 die
1308 2185 1408 2241 ,XXIII

338 2274 482 2330 Februarii
502 2274 547 2330 .Μ.
567 2274 599 2329 1).
619 2273 679 2328 XII.
717 2272 771 2338 Qui
789 2290 807 2328 a
826 2274 930 2329 Senatu
948 2273 1119 2329 Venetorum
1138 2273 1263 2330 obtinuit
1280 2293 1305 2344 q,
1324 2274 1408 2329 nullus

337 2363 507 2434 impritnere
526 2381 575 2418 seu
592 2362 717 2433 imprimi
735 2362 828 2418 facere
848 2362 950 2418 audeat
968 2379 1064 2418 corum
1078 2362 1107 2417 in
1121 2362 1264 2418 territorio
1278 2363 1330 2419 sub
1343 2364 1406 2418 mul-

339 2457 397 2508 cta:
416 2455 448 2508 ut
467 2453 524 2507 suis
542 2452 573 2507 in
591 2452 689 2522 gratiis
707 2454 795 2522 patet.
809 2454 819 2521 ΙΙ
833 2453 963 2522 Sequitur
982 2454 1026 2508 Ad
1040 2453 1186 2508 hectorem
1200 2452 1288 2508 Index
1307 2455 1407 2509 οὸιιιοιι

339 2541 472 2596 turiurum
487 2543 605 2596 eutiche
618 2546 748 2610 quattuor
761 2572 797 2581 -
816 2542 859 2595 Ad
874 2542 1001 2598 eundern.
1021 2541 1171 2598 Excusatio
1186 2541 1286 2598 buari
1298 2543 1410 2599 emtum

340 2633 396 2686 tria
416 2662 447 2670 —
467 2630 634 2700 Registmm.
1334 2633 1380 2700 fol.

358 2828 419 2892 His
444 2831 552 2892 eutem
577 2850 658 2911 quae
683 2850 780 2912 supra
803 2830 898 2913 posui
921 2830 987 2894 iem
1010 2829 1099 2914 typis
1119 2829 1280 2915 expressis
1299 2831 1334 2896 in
1352 2855 1414 2897 me

269 2957 330 2999 nus
358 2956 446 2998 meas
471 2933 619 3017 quintum
648 2935 831 3018 exemplum
859 2936 1007 3018 pervenit
1029 2937 1165 3002 comiter
1187 2937 1416 3004 transmissum

271 3040 521 3123 alleckeiscno,
540 3040 624 3124 quod
644 3040 722 3105 Item
746 3041 897 3126 ignorent
920 3041 1148 3127 bibliographi,
1188 3044 1251 3109 est
1277 3045 1311 3109 id
1335 3045 1416 3132 Lug·

271 3150 414 3214 dunense
438 3146 515 3212 unni
541 3146 639 3231 1502,
663 3148 827 3231 persimile
855 3148 928 3212 aliis
957 3170 1039 3232 quae
1068 3149 1153 3214 cirea
1181 3151 1261 3215 illud
1288 3156 1433 3237 tempus·

270 3257 462 3342 prodierunt
485 3253 765 3340 Lugdunensibus
789 3254 894 3319 indice
917 3254 1047 3339 quidem
1070 3254 1164 3321 hoec:

271 3433 303 3487 P.
322 3431 448 3500 Terentij
475 3428 557 3499 aphri
583 3429 717 3495 comicozl
743 3428 945 3499 elegantissimi
969 3430 1007 3484 Co
1017 3430 1122 3485 medie:
1148 3449 1166 3485 a
1189 3430 1317 3488 (luidone
1337 3434 1420 3488 Juue·

345 3519 407 3573 nale
431 3517 491 3572 viro
515 3518 585 3591 peri
605 3517 739 3583 bucnero
758 3518 933 3573 familiariter
954 3519 1128 3588 explanate:
1147 3521 1214 3574 tab
1234 3521 1351 3588 Jodoco
1369 3522 1419 3576 ec

344 3607 391 3661 dio
405 3605 519 3660 decisio
538 3623 639 3662 vnucuc
658 3607 890 3678 explennlltioibus
909 3626 1016 3661 mrsnm
1031 3611 1165 3663 annotate
1178 3611 1240 3678 etqt
1253 3627 1320 3664 reco
1326 3611 1419 3681 gnite:

344 3697 411 3764 oriqe
430 3694 524 3751 eiusde
540 3696 647 3752 Ascesii
664 3697 893 3766 prenotamentis
911 3702 972 3767 atqu
991 3697 1181 3754 annotemetis
1194 3699 1205 3768 I
1217 3698 1274 3753 suis
1288 3698 1359 3754 locis
1373 3699 1419 3754 ed-

344 3784 441 3839 hibitis
463 3785 480 3858 ‘l
503 3786 719 3840 accuratissime
743 3804 771 3840 se
794 3786 978 3841 venundant
1001 3786 1152 3857 impreebe.
1172 3788 1236 3857 ΙΙιι
1254 3789 1309 3855 flue
1328 3788 1420 3858 Publij

345 3874 468 3945 Terentij
493 3891 513 3930 e.
532 3893 556 3944 q.
575 3892 595 3930 e.
616 3881 647 3929 ut
664 3891 752 3944 cupro
770 3920 776 3931 .
797 3918 802 3929 .
824 3918 829 3930 .
850 3876 1094 3946 explanationibus
1112 3877 1169 3931 suis
1187 3877 1257 3933 Iocis
1276 3876 1421 3932 adhibih's

345 3982 454 4019 rursum
473 3967 606 4019 annotate
625 3967 687 4033 atqu
706 3964 848 4034 recognitc
863 3978 871 4018 τ
887 3965 981 4020 solerti
1000 3981 1068 4020 cura
1086 3965 1223 4036 castigate
1239 3988 1246 4020 ι
1260 3966 1420 4036 impeneaqu

346 4053 381 4107 no
405 4053 462 4107 leui
485 4071 534 4122 per
552 4053 680 4123 egregios
700 4052 772 4107 viros
792 4053 949 4121 Claudium
968 4053 1053 4123 Many
1071 4070 1083 4110 2
1103 4054 1249 4123 Stephani
1268 4053 1358 4110 Belou
1377 4072 1419 4110 ca·

346 4140 499 4196 rectoribus
517 4142 656 4196 mandate.
685 4143 765 4197 Anno
785 4142 821 4196 ab
839 4141 1031 4197 incarnatione
1049 4141 1421 4212 domini.b{.cococn.1dis

347 4247 413 4286 vcro
432 4230 644 4285 decimacctauu
662 4231 817 4286 decembris
835 4231 951 4286 Finiunt
969 4229 1098 4287 feliciter.
1360 4236 1386 4287 4.
