2932 5026
536 357 789 407 noorsnoarcrs.
1169 340 1236 407 413

117 474 210 565 lionim
233 499 312 565 illnd
331 502 449 583 movet,
473 500 559 585 quod
578 502 612 565 iu
631 501 742 565 allatis
761 522 801 565 ex
820 521 857 563 eo
877 498 960 563 libro
976 500 1082 564 verbis
1097 501 1236 585 vestigia

118 628 244 691 apparere
272 629 482 673 numerorum
512 607 662 673 videntur
691 607 723 672 h.
746 630 772 672 e.
800 606 896 671 unius
924 610 958 671 et
985 606 1111 672 dimidii
1141 608 1237 673 hexo-

118 715 197 781 rnetr'e
238 713 445 800 Quamquam
469 715 531 780 hoc
555 716 661 799 ipsum
688 714 767 779 satis
792 736 862 778 esse
886 713 1045 778 incertum
1069 716 1236 781 sentimus.

183 820 269 898 Ouod
291 826 363 887 tam
386 821 486 905 plane
505 826 539 887 et
557 821 724 886 evidenter
746 820 873 904 aliquot
896 818 1053 901 exemplis
1077 823 1239 905 apparuit,

119 925 144 989 id
162 926 291 993 dubitari
319 927 374 992 vix
401 932 511 1011 potest
538 929 616 1012 quin
647 928 746 993 latins
774 930 887 1010 petest
914 929 949 989 et
976 925 1016 991 ad
1045 948 1083 990 ea
1110 948 1237 1010 quoque

120 1032 295 1115 pertinuerit,
327 1054 464 1118 quorum
493 1056 579 1099 nuuc
603 1035 686 1098 latet
707 1033 805 1097 ratio.
851 1030 936 1096 Nam
961 1033 1037 1118 quid
1061 1033 1237 1098 necessitu-

120 1135 182 1203 dinis
208 1140 428 1205 intercesserit
458 1140 545 1204 inter
574 1138 692 1205 (latum
725 1146 773 1226 et
792 1140 968 1204 liberorum
1003 1138 1237 1222 educationem,

119 1239 290 1311 'lnbcronem
323 1250 358 1311 et
388 1246 525 1331 originis
553 1247 713 1312 humanae
743 1247 1028 1330 disceptationem,
1060 1245 1234 1311 Curionem

119 1352 142 1411 el
154 1350 271 1417 deornm
296 1354 434 1436 cultum,
457 1354 604 1419 Atticum
629 1358 663 1419 ct
686 1376 852 1418 munemne
877 1354 1059 1436 notionem,
1087 1352 1235 1436 Pappum

118 1460 142 1516 et
163 1456 365 1544 indigentiae,
396 1458 545 1525 Orestem
572 1467 606 1526 et
635 1461 796 1543 insaniae,
828 1483 866 1524 eo
896 1461 1043 1543 profecto
1072 1459 1236 1541 incertius,

118 1563 178 1642 quod
197 1587 235 1629 ne
259 1566 323 1650 qui
345 1566 469 1632 fuerint
491 1568 620 1653 quidem
644 1568 683 1633 de
707 1568 856 1633 omnibus
880 1571 1017 1633 constat.
1059 1565 1134 1631 Non
1159 1588 1235 1631 saue

25 1686 28 1691 ·
115 1664 199 1755 inepte
224 1672 399 1756 suspiceris
427 1696 563 1760 egenum
593 1676 695 1740 luisse
718 1675 880 1759 Pappum,
911 1676 1034 1759 pietate
1058 1695 1136 1759 erga
1158 1673 1236 1738 deos

115 1770 250 1865 insignem
273 1777 461 1846 Curionem:
490 1782 547 1846 sed
571 1788 680 1847 tamen
705 1804 764 1847 nec
788 1783 858 1846 laus
883 1803 1002 1866 magna
1024 1781 1138 1845 talium
1162 1801 1234 1845 cou-

112 1878 282 1952 lectnrarnm
306 1908 366 1952 nec
389 1887 478 1954 fides.
523 1889 568 1955 Et
591 1890 698 1955 Oresti
722 1890 794 1974 quis
818 1890 881 1953 sibi
906 1889 1100 1972 persuadeat-
1124 1888 1163 1952 de
1186 1888 1233 1951 in·

109 1993 183 2058 unia
204 1994 323 2059 libmm
348 1994 488 2061 dicatum
514 2018 583 2061 esse
602 1996 781 2061 honorifica
800 1996 977 2061 voluntatis
996 1995 1236 2078 testificatione,

106 2100 176 2183 qnod
203 2102 239 2167 in
266 2102 355 2167 illius
382 2103 525 2169 indolem
548 2104 658 2189 aliquo
682 2103 778 2169 modo
802 2103 892 2167 notio
916 2103 1063 2169 insaniae
1086 2102 1235 2167 caderet?

103 2202 144 2271 lle
162 2230 227 2293 quo
248 2209 377 2294 quidem
402 2211 549 2294 exemplo
572 2211 619 2275 sic
643 2210 753 2294 potius
778 2210 983 2275 statuendum
1007 2209 1147 2291 videtur,
1174 2209 1232 2273 ali-

10 2356 12 2363 ·
89 2335 153 2397 ,qua
174 2338 252 2381 saue
275 2315 309 2381 in
333 2338 458 2401 caussa,
482 2339 537 2381 cur
560 2316 601 2381 ad
624 2316 806 2381 Romanum
825 2317 973 2382 Orestem
997 2316 1036 2381 ele
1060 2316 1118 2380 tali
1143 2335 1236 2400 argu

98 2427 197 2489 mento
212 2420 320 2489 Varro
338 2423 503 2506 scriberet,
519 2424 723 2508 cognominis
743 2424 976 2508 cogitationem
996 2422 1104 2487 herois
1123 2423 1232 2487 fuisse.

99 2524 265 2594 Praeterea
279 2529 461 2595 adventicia
475 2552 546 2593 esse
564 2529 720 2594 leviorum
741 2551 847 2593 rerum
862 2530 953 2594 varia
967 2530 1095 2594 occasio
1114 2532 1234 2612 potuit:

98 2631 123 2696 id
150 2636 237 2720 qnod
265 2637 344 2701 adeo
373 2640 554 2701 monstrare
577 2642 665 2701 certo
690 2636 837 2722 exemplo
861 2636 945 2700 licet
991 2633 1138 2719 Namque
1163 2660 1234 2701 eum

99 2739 329 2829 logistoricum,
358 2766 374 2805 e
402 2767 465 2826 quo
494 2744 625 2807 uberior
654 2766 749 2827 quam
779 2765 795 2805 c
824 2741 956 2824 reliquie
981 2747 1124 2825 superest
1151 2744 1234 2827 frag-

98 2858 271 2916 mentorum
295 2853 397 2934 eopia,
421 2852 475 2936 qui
499 2858 550 2915 est
568 2853 604 2916 dr
623 2852 725 2914 liberes
743 2851 916 2927 ulruuurlis,
941 2850 979 2913 ael
995 2848 1111 2913 Ouium
1126 2849 1233 2915 Varro
1248 2869 1281 2909 xi

98 2958 220 3042 scripsit
243 2965 427 3043 propterea,
451 2961 534 3044 quod
560 2960 598 3023 ‹le
622 2982 659 3022 eo
684 2960 755 3041 ipso
781 2964 972 3042 argumento
998 2954 1155 3020 Varronis
1179 2958 1235 3022 ille

94 3066 286 3130 sententiam
311 3068 530 3150 exquisiverat
554 3067 680 3149 sibique
705 3070 740 3129 ut
763 3066 972 3129 consiliorum
997 3061 1126 3128 adiutor
1150 3070 1236 3129 esset

88 3180 269 3258 rogaverat.
310 3172 517 3259 Intellegitur
540 3175 625 3239 enim
652 3173 710 3237 hoc
736 3195 773 3236 ex
800 3173 838 3235 iis
863 3172 969 3234 verbis
994 3168 1139 3235 aNornio
1164 3194 1236 3254 pro·

82 3270 163 3343 <linis
193 3303 225 3363 p.
250 3281 301 3361 ll,
335 3280 452 3364 quibus
480 3279 596 3345 Oatum
626 3286 760 3364 apparet
791 3280 822 3343 iu
852 3279 922 3362 ipso
951 3278 1026 3341 libri
1056 3278 1187 3341 exordio
1216 3300 1236 3343 a

79 3371 236 3450 Varrone
260 3388 491 3470 compellatum
511 3410 595 3451 esse:
627 3387 724 3451 l'urro
739 3388 752 3443 l
760 3388 814 3447 'ulo
830 3386 874 3448 rel
887 3385 922 3446 (lc
937 3384 1039 3447 liberis
1052 3387 1233 3451 interrasilis:

67 3492 167 3564 Quod
187 3495 296 3574 peristi
322 3499 358 3557 ul
384 3497 448 3559 suu
471 3495 660 3560 educationis
681 3494 782 3572 fierem
808 3491 862 3554 tibi
885 3491 996 3567 serius,
1027 3493 1129 3570 quud
1148 3493 1236 3572 palm

66 3599 310 3664 adminiculum·
333 3606 418 3665 liram
442 3603 627 3665 volumtatem
645 3599 807 3663 scribendo.
841 3594 903 3659 Sed
923 3596 950 3660 is
969 3597 1099 3679 quidem
1115 3598 1234 3663 eratus

67 3706 160 3789 quis
183 3705 298 3790 fuerit,
331 3708 566 3792 incompertum
591 3706 693 3770 nobis.
740 3703 812 3767 Nisi
842 3701 926 3786 quod
956 3708 1083 3786 practer
1106 3704 1234 3769 Aeliam

66 3817 217 3895 gentem
241 3811 341 3879 Oatos
373 3815 479 3880 nullos
510 3815 675 3880 exstitisse
706 3811 869 3893 novimus,
903 3810 998 3893 prisci
1027 3815 1135 3875 autem
1164 3811 1234 3876 Sex.

70 3918 175 3984 Aelii
189 3920 282 3987 Paeti
299 3920 371 3987 Cati
392 3943 493 4007 genus
518 3929 588 3987 tum
612 3944 676 3986 non
701 3921 896 3985 exstinctum
920 3919 1019 3981 fuisse
1043 3917 1118 3981 hinc
1141 3918 1235 3983 ‹lisci-

75 4039 170 4108 luus,
193 4028 278 4111 qnod
305 4030 379 4093 anni
405 4030 469 4093 756
494 4029 655 4092 consulem
682 4028 758 4091 fasti
784 4025 926 4109 produnt
949 4022 1019 4086 Sex.
1046 4023 1172 4087 Aelium
1198 4028 1234 4100 Q.

83 4124 127 4195 F.
148 4130 273 4199 Caterm.
319 4134 470 4200 Oetermu
495 4137 707 4200 inveteratum
733 4156 844 4197 eorum
869 4152 1020 4211 errorem,
1045 4131 1100 4212 qui
1125 4154 1233 4215 perpo-

90 4253 160 4301 ram
183 4240 386 4326 interpretati
411 4243 494 4306 lianc
518 4242 778 4307 testimoniorum
805 4240 940 4302 l'ormum
957 4236 1045 4299 ‘l'ulu
1068 4238 1113 4299 rel
1131 4240 1167 4301 ue
1185 4238 1234 4301 ru.

95 4343 184 4408 ‹uiru’
207 4348 246 4412 ad
271 4349 414 4432 aliquem
439 4348 605 4429 Catonem,
629 4350 727 4412 inmm
753 4347 791 4409 rul
817 4346 920 4427 ipsum
938 4344 1126 4408 t'errsorium
1150 4342 1235 4407 lmrrc

102 4445 313 4533 logistoricum
338 4458 541 4533 rettulerunt,
566 4458 646 4521 sotis
670 4460 721 4519 est
745 4452 839 4517 liodic
865 4451 979 4516 leviter
998 4450 1234 4536 perstrinxisse.
