2932 5026
177 304 242 370 376
596 318 644 364 nn
668 317 704 363 u.
728 316 900 364 vasconis

176 464 270 529 derus
293 464 332 527 de
355 461 425 527 vita
448 466 481 526 et
504 460 634 545 seriptis
650 459 744 524 Varr.
769 484 797 544 p.
813 460 878 524 239
901 463 971 524 tum
989 457 1164 524 Muellerus
1184 460 1218 525 in
1231 459 1298 526 Var

136 607 161 645 ῃ
176 595 207 656 p.
236 570 300 635 264
330 568 546 653 exploserunt.
597 565 665 631 Nec
694 567 799 652 magis
830 567 979 632 Osannus
1010 566 1203 650 audiendus,
1232 590 1298 632 suus

177 677 270 741 illum
303 675 431 739 Ateium
461 675 524 742 huc
555 696 683 760 quoque
713 674 881 738 intrudens
910 672 1004 738 Anal.
1032 697 1062 758 p.
1085 674 1138 739 67.
1184 674 1298 741 Incons

178 783 322 849 deratius
351 783 449 847 etiam
473 781 699 848 Ruhnkenium
725 784 853 845 secutus
877 779 1298 869 KrahnerusdeVarr.a1

177 892 285 976 liquit.
317 914 348 975 p.
377 890 419 954 20
451 890 591 974 primum
625 889 663 953 de
698 888 808 974 lingua
840 887 941 952 latina
972 888 1092 953 librum
1121 887 1261 954 coniecit
1287 911 1298 952 a

179 999 327 1064 Atticum
355 997 512 1081 scriptum
541 996 654 1079 fuisse,
683 995 880 1079 eundemque
904 1017 923 1059 a
946 993 1114 1060 Prisciano
1137 992 1298 1081 (Apuleia

179 1102 355 1192 ignoravit)
376 1105 483 1169 vocari
502 1105 538 1168 de
555 1104 674 1186 armine
693 1103 959 1186 trapaezetas,
982 1126 1003 1169 a
1020 1102 1200 1168 Laurentio
1220 1106 1298 1167 aute]

181 1212 271 1296 Lydo
294 1212 332 1276 de
357 1210 502 1295 magistr.
526 1209 591 1293 1,5
615 1210 661 1274 sio
686 1208 878 1293 significari:
901 1213 967 1274 τῶν
990 1212 1071 1290 πρὸ(
1090 1210 1298 1288 nepsam

180 1319 425 1399 γεγραμμένωνε
451 1317 499 1380 ita
525 1316 625 1399 enim,
650 1316 767 1381 iterum
796 1321 922 1382 mutato
947 1319 1090 1402 nomine,
1116 1318 1248 1401 scripsit
1269 1339 1298 1401 pr

184 1451 222 1492 eo
247 1424 330 1510 quod
354 1422 517 1507 proditum
542 1427 592 1486 est
615 1424 697 1501 πρὸ(
719 1424 932 1502 Πομπήιον.

271 1533 301 1596 3.
338 1528 390 1594 Ad
413 1528 473 1592 hos
496 1529 599 1613 igitur
622 1530 660 1593 de
685 1528 810 1612 origine
830 1529 961 1614 linguae
979 1532 1100 1596 latinae
1119 1533 1223 1597 libros
1241 1553 1298 1596 eor

182 1640 303 1704 maiore
327 1637 404 1718 iure,
429 1657 525 1717 quam
545 1636 585 1700 ad
605 1635 875 1700 commentarium
894 1637 933 1701 de
953 1641 1177 1724 grammatica,
1200 1643 1298 1723 praet

184 1744 320 1810 Cornuti
343 1742 413 1825 illa,
445 1765 526 1829 quae
550 1741 689 1806 hincne
712 1765 808 1826 posse
832 1745 961 1829 quidem
985 1749 1115 1829 sumpta
1138 1767 1209 1810 esse
1233 1767 1298 1829 sup

183 1850 390 1932 ostendimus,
412 1848 492 1913 hacc
516 1871 642 1934 quoque
661 1850 783 1914 referas
803 1873 841 1916 er
861 1853 972 1917 eodem
993 1854 1152 1938 scriptore
1171 1874 1298 1936 excerp·

183 1960 217 2024 P.
241 1959 341 2041 2282,
366 1957 422 2021 32;
454 1956 534 2021 hane
561 1957 696 2020 litteram
724 1954 917 2044 (digamma)
943 1959 1102 2025 Terettias
1130 1959 1231 2024 Varro
1256 1959 1298 2024 dn

183 2066 249 2129 aa
278 2067 498 2145 amaeam,
525 2064 572 2126 ra
592 2064 757 2145 passae
793 2078 892 2132 rar.
923 2063 957 2129 P.
976 2048 1083 2149 eece,
1107 2067 1164 2131 31:
1198 2066 1298 2130 rar.

179 2173 280 2253 placet
307 2192 325 2232 r
355 2171 498 2248 litteram,
520 2170 549 2234 si
569 2170 675 2250 priam
698 2170 760 2234 loeo
782 2175 939 2254 ponatur,
970 2192 1033 2236 raon
1060 2174 1208 2254 aspirari
1243 2173 1298 2239 lec

184 2279 266 2342 enim
289 2278 360 2359 ipse,
384 2278 493 2358 inquit,
518 2275 685 2358 inlellepere
707 2276 788 2340 dedet
810 2276 943 2356 Rodum,
967 2280 1088 2343 larrretsi
1108 2278 1129 2342 la
1151 2300 1212 2345 mer
1237 2279 1298 2344 lai

184 2384 331 2449 Rhodrrm
356 2404 431 2461 esse,
458 2388 587 2448 retorem
614 2382 770 2446 rhetorem.
816 2382 899 2452 Nam
929 2383 991 2449 hoe
1021 2385 1150 2469 quidem
1173 2386 1294 2453 Varro

185 2493 341 2577 placitum
370 2512 443 2554 cum
467 2491 528 2572 eis,
557 2511 639 2573 quae
663 2490 702 2553 de
726 2491 953 2574 anteponenda
974 2492 996 2555 t
1017 2492 1130 2558 littera
1152 2494 1186 2559 in
1211 2494 1298 2559 eisc}

187 2600 280 2663 libris
314 2597 506 2682 disputavit,
537 2595 632 2660 facile
657 2595 860 2680 intellegitur
890 2602 941 2661 sat
969 2601 1137 2665 commode
1166 2602 1295 2667 concili

186 2728 245 2769 nee
275 2705 341 2768 ullo
373 2704 469 2767 modo
502 2723 655 2787 pugnare.
706 2700 773 2765 Nec
807 2704 912 2812 mpgis
940 2705 1126 2771 dubitamus
1156 2708 1194 2772 de
1223 2708 1281 2772 his

187 2813 283 2895 2284,
310 2812 363 2892 ll,
391 2832 472 2894 quac
496 2809 697 2873 transierunt
721 2808 752 2872 in
775 2808 892 2874 Isidori
916 2811 1003 2896 Orig.
1026 2815 1051 2897 l,
1075 2816 1127 2899 26,
1154 2816 1207 2880 15:
1236 2815 1298 2879 laer

187 2940 255 2982 mue
286 2939 329 2981 an
362 2918 519 2992 lacrimae,
552 2937 716 2980 rmezemas
743 2938 786 2980 an
814 2919 982 3002 stammas,
1017 2926 1045 2984 et
1066 2922 1095 2986 si
1116 2943 1196 3003 qam
1216 2923 1298 2987 mmm

186 3031 273 3099 sarri,
303 3023 397 3087 scribi
423 3023 560 3099 debmmt,
588 3026 760 3103 quaesitam
788 3030 838 3088 est.
887 3025 1048 3092 Terentius
1075 3013 1177 3093 Varro
1206 3029 1298 3094 lradrd

189 3131 351 3197 Gaesarem
379 3149 437 3209 per
465 3130 478 3190 i
504 3130 653 3192 eiasrnodi
679 3131 769 3193 emta
798 3133 921 3195 solitam
943 3153 1005 3197 esse
1026 3137 1189 3199 muntiare
1211 3140 1238 3198 et
1256 3157 1298 3200 ser

191 3240 273 3302 tere:
297 3237 368 3301 inde
386 3240 512 3317 prepter
534 3238 745 3300 alletoritatem
768 3241 848 3302 tanti
865 3240 927 3302 oiri
945 3243 1193 3307 eormreludinem
1209 3244 1298 3322 factm

189 3345 329 3411 Omnino
363 3343 449 3407 enim
474 3340 652 3409 Cornutum
685 3368 817 3428 prorsus
847 3345 999 3410 credibile
1028 3352 1092 3430 est,
1126 3349 1298 3432 quoniami

189 3453 294 3518 medio
328 3451 457 3516 demum
485 3451 670 3535 disputandi
698 3474 790 3516 cursu
822 3474 892 3535 suo,
925 3451 1081 3518 Varronis
1112 3455 1176 3519 iam
1207 3456 1298 3540 saepis

189 3564 285 3626 antea
313 3559 475 3623 mentione
504 3559 695 3641 simpliciter
722 3558 822 3641 facta,
851 3559 950 3622 semel
976 3564 1099 3624 certum
1124 3561 1193 3625 eius
1217 3561 1297 3628 libra

190 3668 373 3730 antestatur
398 3669 430 3726 et
453 3665 501 3727 ita
524 3664 652 3747 quidem
677 3668 861 3729 antestatur
883 3670 921 3730 ut
942 3667 1033 3750 prius
1056 3666 1194 3749 prolatis
1216 3666 1298 3734 Varr

189 3772 295 3836 nianis
330 3776 488 3854 opponat,
521 3792 596 3833 non
628 3794 665 3834 ex
694 3771 755 3836 hoe
782 3773 867 3838 libro
895 3774 1021 3856 reliqua
1049 3771 1257 3838 Varroniano
1283 3799 1298 3841 s

190 3882 264 3943 ante
298 3879 346 3942 vel
378 3882 454 3962 post
487 3884 738 3944 commemorata
768 3880 896 3963 petisse.
921 3919 962 3926 ·-
992 3879 1055 3943 Vix
1084 3880 1190 3963 magis
1220 3903 1297 3947 ance

190 3990 240 4050 est
262 3986 300 4048 de
324 3985 481 4051 Prisciani
505 3987 649 4049 verbisl
680 4011 708 4069 p.
733 3987 855 4052 5441).
883 3989 921 4051 19
946 3987 1001 4051 Kr.
1035 3987 1202 4051 iudicium:
1232 3997 1298 4054 arel

189 4096 268 4168 ritas
293 4116 408 4176 pemque
436 4101 499 4159 lam
529 4096 678 4159 Varronis
707 4117 802 4177 qaam
824 4096 931 4160 Macri
959 4100 1029 4160 leste
1053 4093 1221 4159 Censorino
1244 4117 1298 4161 nee

190 4223 243 4265 nee
270 4223 288 4282 q
311 4223 405 4282 neqrre
427 4201 448 4264 t
471 4204 503 4265 m
527 4224 653 4266 nsrrzero
676 4202 798 4267 adhibet
820 4204 1009 4267 litterarum:
1048 4223 1129 4285 quae
1153 4200 1237 4265 libro
1263 4203 1276 4266 l

192 4310 211 4372 l.
241 4309 259 4372 l.
293 4309 361 4372 sine
394 4309 461 4371 ulla
491 4314 580 4372 certa
608 4331 722 4373 caussa
750 4310 941 4373 tribuerunt.
987 4308 1124 4391 Propius
1154 4306 1235 4372 haee
1263 4332 1298 4373 sa

151 4443 176 4480 as
191 4415 346 4480 accedunt
370 4413 409 4476 ad
434 4436 544 4477 corum
569 4416 823 4499 similitudinem,
847 4438 928 4500 quae
952 4416 986 4480 in
1009 4416 1092 4481 libro
1115 4415 1154 4478 de
1179 4435 1298 4500 gramn
