2932 5026
248 287 310 355 198
604 302 821 351 1111111111
844 302 1034 351 11111111.

246 448 392 535 quamvis
415 450 544 532 praeter
568 447 789 530 exemplorum
811 468 877 512 non
901 446 980 513 adeo
1003 467 1181 531 paucorum
1203 446 1273 513 vim
1296 446 1401 512 etiam

244 557 331 622 11111
353 555 439 620 scobis
461 553 638 618 formarum
662 553 875 618 similitudine
899 553 1058 619 munitum
1079 553 1197 639 Opusc.
1214 553 1295 638 phil
1312 552 1350 619 Π
1368 576 1401 638 p.

246 665 320 748 636,
340 685 405 729 non
419 661 541 746 poterit
554 682 619 725 non
632 661 762 746 longius
777 661 929 747 progredi
944 661 1098 728 mutando
1113 667 1145 728 et
1160 660 1286 748 aliquid
1299 660 1402 725 huius

247 771 335 836 modi
358 773 531 853 temptare:
563 767 696 845 ‘Quoius
721 767 808 834 latus
832 769 866 833 in
889 767 1031 834 latebras
1054 767 1207 833 de'ntibus
1230 788 1292 853 ego
1317 765 1402 834 meis

248 882 282 945 et
303 877 399 943 malis
422 874 576 960 reddam,
599 874 651 940 vel
675 873 694 938 ‘.
709 925 738 940 ..
763 873 914 939 dentibus
932 873 1013 939 meis
1032 874 1164 940 reddam
1183 895 1244 961 ego
1263 878 1298 939 et
1317 874 1402 941 meis

248 984 363 1051 malis'.
410 982 496 1049 Nam
521 982 625 1048 ‘latus
648 983 683 1047 in
707 979 860 1048 latebras’
884 982 969 1047 inter
992 1003 1026 1047 se
1049 981 1160 1048 divelli
1183 1003 1249 1048 uon
1273 982 1404 1068 patitur

248 1095 300 1158 lex
324 1090 606 1158 adnominationis,

337 1199 449 1284 Ipsum
468 1199 577 1261 autem
595 1217 713 1260 nomen
732 1195 862 1261 fabulae
876 1218 942 1262 non
957 1218 1053 1279 posse
1068 1193 1271 1261 ‘Baccharia'
1288 1196 1405 1281 fuisse,

249 1308 281 1373 id
301 1305 386 1393 quod
405 1304 480 1370 libri
498 1303 650 1388 produnt,
668 1303 735 1368 dixi
750 1303 878 1388 Parerg.
894 1326 924 1387 p.
942 1304 1005 1369 155
1017 1326 1062 1389 sq.
1094 1303 1163 1370 Nec
1178 1304 1267 1369 enim
1281 1303 1404 1389 pallia·
1437 1362 1440 1368 .

249 1419 302 1480 tae
317 1415 543 1499 argumentum
557 1412 666 1496 potuit
681 1411 721 1476 ab
736 1410 831 1476 Italis
846 1410 1036 1476 Bacchabus
1051 1411 1243 1497 potiusque
1260 1411 1404 1478 Graeco·

250 1545 321 1587 rum
340 1542 427 1586 nova
445 1519 574 1604 quidem
594 1517 762 1583 comoedia
781 1517 920 1582 similem
935 1539 1089 1602 umquam
1102 1517 1249 1584 fabulam
1263 1519 1405 1604 peperit,

250 1630 306 1696 sed
321 1627 457 1712 antiqua
473 1628 601 1689 tautum
617 1623 741 1704 Βάκχας
756 1624 901 1709 Lysippi,
919 1623 1053 1708 Dioclis,
1072 1625 1178 1691 media
1191 1625 1404 1710 Antiphanis.

249 1736 354 1821 Igitur
374 1731 521 1797 dubitare
538 1730 618 1814 noli,
636 1731 715 1815 quin
731 1731 910 1815 adspiratio
925 1733 1080 1797 consueto
1094 1731 1304 1798 librariorum
1319 1732 1403 1799 vitio

251 1839 430 1906 accesserit.
460 1837 531 1903 Iam
550 1859 626 1903 vero
645 1838 821 1904 tenendum
840 1843 890 1903 est
904 1839 938 1903 in
952 1839 1038 1904 aria
1052 1840 1201 1905 exeuntia
1214 1839 1404 1907 fabulamur

250 1949 384 2015 nomina
397 1951 455 2012 aut
467 1967 644 2030 numquam
659 1948 716 2009 aut
729 1946 783 2011 vix
797 1968 950 2032 umquam
964 1947 1004 2012 ad
1018 1947 1170 2013 mulieres
1182 1951 1330 2033 spectare
1342 1947 1404 2015 tali

251 2054 480 2121 terminatione
499 2053 688 2138 appellatas,
708 2052 764 2117 sed
784 2076 803 2118 a
821 2054 918 2119 rebus
937 2055 1011 2120 duci
1029 2056 1065 2120 in
1081 2055 1162 2141 ipsis
1181 2054 1304 2121 fabulis
1318 2077 1405 2122 oom-

253 2161 454 2228 memoratis:
478 2162 563 2249 quod
582 2182 684 2247 genus
704 2182 798 2226 omne
817 2160 926 2227 dedita
944 2184 1044 2247 opera
1061 2163 1201 2228 11111111
1219 2161 1354 2250 Parerg.
1372 2187 1404 2251 p.

256 2271 318 2335 139
329 2292 397 2355 sqq.
430 2268 565 2357 Ambigi
579 2291 657 2339 sane
670 2272 789 2354 potest,
807 2292 884 2334 num
898 2269 983 2335 forte
998 2267 1181 2336 Corollaria
1193 2268 1314 2336 Naevii
1328 2271 1405 2339 indo

254 2381 370 2443 vocata
387 2377 440 2461 sit,
464 2376 549 2463 quod
568 2377 602 2442 in
621 2398 660 2441 ea
678 2376 1245 2457 1111111111111.(τεφανοπώλιδοε
1265 2378 1319 2443 vel
1337 2399 1404 2445 tre·

254 2484 467 2565 φανηπλόκου
490 2488 600 2571 partes
625 2486 746 2551 essent:
770 2482 899 2567 quando
923 2481 1121 2550 ‘Corneliam
1135 2481 1333 2550 11111111
1351 2507 1404 2552 oo·

254 2590 431 2657 rollariam'
459 2591 561 2657 habes
587 2592 623 2656 in
645 2591 742 2656 titulo
765 2589 951 2655 Pisaurensi
977 2588 1089 2656 Orellii
1113 2590 1201 2656 4173
1225 2613 1310 2675 quae
1334 2592 1406 2658 sine

254 2699 483 2785 hypocorismo
507 2697 700 2764 ‘coronaria'
724 2701 774 2762 est
797 2699 831 2762 in
849 2696 1039 2762 Florentino
1067 2697 1144 2763 ibid.
1167 2696 1405 2784 4172011111-

255 2807 328 2872 niac
351 2804 568 2889 Primigeniae
596 2802 824 2888 coronariae’)‚
852 2804 931 2868 item
954 2802 1040 2888 apud
1064 2803 1205 2868 Plinium
1228 2802 1305 2871 Nat.
1328 2805 1407 2872 bist.

255 2912 347 2996 XXI,
373 2912 403 2975 4.
449 2910 571 2975 Verum
599 2933 640 2977 ne
668 2911 730 2976 hoc
754 2911 883 2996 quidem
906 2931 969 2975 uno
994 2909 1158 2994 exemplo,
1186 2911 1407 2980 etiamsinon

258 3022 372 3103 suapte
391 3020 508 3082 natura
527 3017 717 3104 ambiguum
736 3022 830 3103 esset,
853 3021 939 3083 recte
958 3021 1064 3101 utare3
1089 3016 1294 3084 ‘barcariam'
1316 3020 1408 3085 eninr

257 3149 354 3212 quam
377 3125 508 3190 tandem
532 3125 594 3190 tibi
612 3125 827 3191 informabis?
865 3124 1024 3190 Novimus
1044 3125 1324 3205 λαχανοπώλιδαε,
1346 3148 1407 3192 no·

257 3234 361 3299 vimus
389 3232 646 3311 ὀπωροπώλιδα(
669 3235 836 3317 tamquam
860 3230 1069 3316 ‘pomarias’3
1098 3231 1154 3296 sed
1176 3232 1263 3298 solas
1286 3233 1408 3299 baccas

258 3340 396 3428 exclusis
423 3340 531 3425 pomis
559 3338 761 3405 venditantes
790 3340 941 3404 mulieres
970 3362 1030 3404 usu
1059 3340 1185 3404 venisse
1208 3361 1275 3406 non
1298 3342 1408 3428 magis

257 3448 412 3515 credibile
442 3453 492 3513 est
520 3470 618 3534 quam
641 3446 766 3532 aliquas
790 3446 915 3512 scilicet
936 3447 1176 3512 κοκκοπώλιδα(
1198 3448 1271 3532 ipsa
1294 3448 1409 3537 lingua

257 3556 357 3620 novit.
404 3553 609 3640 Consequens
633 3558 684 3619 est
705 3554 819 3640 igitur,
847 3557 883 3619 ut
906 3576 926 3618 a
949 3552 1070 3619 ‘bacca'
1094 3553 1143 3618 vel
1168 3552 1302 3619 ‘baccis'
1326 3556 1408 3640 ipsis

258 3663 370 3728 fabula
399 3684 517 3727 nomen
546 3662 697 3727 traxerit:
729 3662 814 3746 quod
844 3661 1038 3727 vocabulum
1067 3683 1141 3726 cum
1162 3682 1230 3726 non
1252 3659 1407 3728 Plautino

260 3772 392 3834 tantum
415 3767 553 3847 saeculo,
576 3767 633 3833 sed
656 3768 866 3854 locupletium
890 3768 1022 3832 testium
1046 3767 1108 3833 fide
1131 3766 1236 3853 (velut
1258 3768 1407 3836 codicum

259 3871 537 3962 Vergilianorum)
561 3875 659 3940 etiam
683 3878 833 3960 posterae
856 3875 973 3939 aetatis
997 3897 1057 3940 usu
1081 3895 1147 3939 non
1171 3874 1409 3960 geminatame

259 3984 406 4049 litteram
440 3986 606 4068 tamquam
641 3983 821 4069 legitimam
854 3982 1048 4066 servaverit,
1087 3979 1274 4048 Bacanlau
1306 3983 1408 4049 malui

260 4113 357 4177 quam
380 4089 585 4156 Bracarum
608 4091 792 4156 inscribere.
816 4127 857 4136 -
882 4089 993 4166 Qualis
1016 4095 1127 4155 tamen
1149 4089 1231 4155 baca
1253 4091 1408 4174 qualesve

261 4200 360 4264 bacae
385 4219 497 4263 ansam
520 4196 668 4262 dederint
690 4198 737 4261 sic
761 4196 971 4281 appellandae
993 4197 1133 4280 fabulae,
1156 4196 1243 4262 baud
1263 4219 1342 4263 sane
1360 4199 1406 4263 sa·

261 4306 323 4372 cile
347 4305 434 4370 dictu
457 4307 515 4369 111
559 4303 651 4369 Nulli
674 4306 747 4369 usui
770 4311 925 4389 myrteas,
955 4303 1095 4381 laureas,
1124 4302 1312 4389 oleagineae
1335 4326 1406 4370 esse

261 4436 358 4499 posse
391 4411 442 4477 vel
474 4409 507 4474 id
538 4429 641 4497 genus
674 4411 767 4496 alias,
803 4433 898 4476 nemo
927 4432 992 4476 non
1020 4409 1182 4477 concedet.
1234 4409 1345 4478 Vnum
1371 4411 1406 4477 in
