2932 5026
178 315 243 380 386
600 333 647 379 nu
670 333 705 379 u.
729 332 904 381 visseins

145 508 152 519 ·
178 475 348 568 universus
376 475 660 558 comprehenditur
687 476 742 561 qui
770 448 836 540 non
863 475 904 538 ad
932 495 1043 558 aures,
1076 474 1131 538 sed
1160 475 1204 539 od
1222 494 1266 540 oa

171 584 313 668 pertinet
336 581 457 647 ibidem
479 602 545 645 non
568 581 648 645 item
671 604 729 666 per
751 586 862 664 partes
887 603 962 645 suas
987 579 1185 666 descriptam
1207 603 1266 666 rep

177 712 262 774 mus,
289 689 345 754 sed
373 687 483 772 potius
512 689 614 770 tepula
635 690 786 770 qrmcdum
809 692 981 752 nummata
1002 692 1032 751 et
1052 689 1177 770 wyoitu
1199 686 1251 774 (ut

137 814 163 854 ³⁸
176 796 212 859 in
235 796 414 881 praemisso
438 801 629 880 argumento
649 795 781 880 capitis)
801 818 838 859 ex
858 817 896 859 ea
914 795 1067 860 delibata
1105 793 1189 860 Sunt
1208 800 1266 861 aut

177 925 214 966 er
233 902 381 968 Varrone
399 908 441 967 -ut
464 909 602 987 apparet
625 906 784 986 excerpta,
806 903 899 966 haee:
923 898 1041 986 ὀπτικὴ
1064 903 1145 983 facit
1160 903 1261 967 moda

176 1010 322 1074 mirando
344 1011 380 1074 id
397 1031 502 1094 penas,
524 1015 560 1075 at
580 1012 617 1075 ia
637 1010 756 1091 specqu
779 1031 841 1074 aao
863 1011 1015 1093 irapinas
1036 1011 1133 1074 unicas
1154 1011 1202 1074 rei
1218 1010 1266 1091 pli

175 1121 365 1197 appareant:
396 1118 468 1181 item
494 1122 531 1181 ut
556 1117 712 1199 speratim
738 1117 774 1180 iu
800 1116 862 1181 loco
885 1122 963 1181 certo
980 1119 1119 1200 positum
1141 1116 1225 1182 actii
1245 1119 1266 1180 ir

172 1224 265 1304 pinet,
288 1225 438 1288 aliorsum
462 1225 649 1288 translatum
670 1224 770 1305 sociat
791 1225 959 1307 iorapinas:
986 1226 1067 1307 item,
1089 1226 1118 1288 si
1141 1229 1266 1288 rostris.⁴

173 1330 277 1395 ardum
298 1335 421 1412 spectu,
446 1332 549 1414 imoqo
570 1333 630 1412 fiat
651 1336 705 1395 tua
728 1331 920 1408 huiusmodi,
948 1335 984 1394 at
1005 1337 1098 1412 caput
1118 1332 1259 1395 deorsam

173 1437 295 1520 dasiro,
319 1438 409 1518 pedes
438 1459 572 1504 sursum.
608 1439 708 1502 reddit
734 1439 827 1501 ctiam
857 1457 982 1502 caussas
1004 1458 1040 1500 eo
1062 1438 1242 1519 disciplina,

173 1546 250 1608 istae
280 1566 397 1627 oraque
424 1546 555 1610 visiones
582 1545 711 1628 fallunt,
743 1548 790 1622 ut,
822 1565 900 1625 ortus
922 1545 958 1608 ia
979 1566 1063 1626 aqua
1085 1547 1266 1629 conspiciam

174 1653 297 1714 inaura
324 1655 367 1716 od
392 1652 493 1716 oculos
520 1653 613 1734 fiam,
645 1672 722 1733 qaae
747 1651 858 1733 pauori
885 1651 923 1715 ab
950 1652 1159 1729 ambissent,
1190 1654 1266 1716 min«

174 1756 219 1820 ut
241 1757 321 1821 haec
345 1750 473 1842 quidem
497 1759 537 1823 ad
561 1780 633 1822 eam
658 1758 800 1842 opticarn
819 1758 991 1843 pertinent,
1015 1780 1114 1842 qnam
1133 1758 1194 1823 hac
1212 1781 1266 1845 app

118 1859 125 1873 '
175 1864 296 1930 latione
323 1887 383 1929 nos
411 1886 538 1952 quoque
565 1865 661 1930 hodie
690 1866 879 1930 vocitamus.
925 1863 1186 1929 AVarroniana
1213 1872 1266 1932 aut

175 1971 305 2052 ὀπτικῆε
327 1973 460 2037 notione
485 1995 550 2037 non
574 1974 732 2038 alieniora
756 1995 794 2037 ea
817 1977 906 2055 sunt,
930 1994 1011 2056 quae
1034 1968 1168 2056 pro'prio
1193 1994 1266 2037 nom

174 2077 281 2142 dictae
313 2079 511 2163 geometriae
543 2102 563 2143 a
595 2080 689 2145 nobis
720 2080 909 2144 tribuuntur
937 2078 978 2143 ad
1004 2078 1110 2143 lineas
1139 2083 1173 2143 et
1201 2080 1266 2164 figur

174 2186 365 2268 spectantia.
401 2183 481 2249 Eius
505 2185 552 2248 rei
575 2185 741 2249 luculento
760 2184 952 2249 documento
972 2189 1023 2248 est
1042 2183 1139 2248 Gellii
1160 2190 1252 2269 caput

173 2291 250 2356 libri
274 2293 299 2375 I,
322 2292 412 2357 cuius
436 2292 538 2356 multo
561 2291 656 2374 plura
680 2313 718 2356 ox
736 2290 885 2356 Varrone
909 2290 1013 2374 petita
1036 2312 1108 2354 esse
1131 2314 1266 2376 persuasi

173 2399 343 2480 habemus,
371 2420 467 2483 quarn
496 2420 578 2483 quae
609 2398 648 2461 ad
672 2419 745 2462 eum
768 2397 965 2463 nominatim
988 2396 1183 2464 referuntur.
1226 2398 1266 2476 ou

172 2505 301 2590 quidem
331 2507 404 2589 ipsa
432 2505 517 2569 ratio
545 2505 679 2587 planum
702 2504 796 2587 facit,
826 2527 890 2590 qua
915 2504 1070 2570 Varronis
1094 2506 1266 2572 testimonii

172 2635 243 2676 cunr
267 2614 390 2698 reliqua
414 2612 635 2696 disputatione
659 2611 707 2674 ita
729 2612 921 2693 conectitur,
946 2619 981 2675 ut
1006 2635 1046 2676 ne
1069 2635 1166 2697 posse
1192 2615 1266 2699 quid

172 2727 306 2805 utraque
329 2743 405 2804 pars
425 2721 522 2783 certis
541 2719 660 2783 finibus
680 2717 785 2781 dirimi
806 2718 968 2782 videatur:
992 2742 1057 2803 quo
1077 2721 1211 2805 accedit,
1233 2742 1266 2806 qr

172 2824 313 2890 Gellium
337 2827 418 2890 satis
442 2827 508 2890 iarn
532 2825 748 2909 comperimus
763 2825 1020 2908 Disciplinarum
1040 2827 1142 2892 libros
1163 2830 1227 2894 suis
1246 2852 1266 2894 o

172 2934 211 2996 lis
240 2955 412 3016 usurpasse
441 2956 478 2997 ex
507 2934 610 3018 iisque
639 2956 704 2999 non
727 2955 831 3017 pauca
855 2933 920 2997 alia
943 2935 992 2998 vel
1015 2937 1118 3001 tacito
1142 2937 1193 3000 rel
1215 2957 1266 3001 nor

171 3040 274 3102 natim
302 3038 549 3122 deprompsisse.
595 3038 698 3103 Simul
728 3046 835 3104 autem
864 3063 903 3105 ex
933 3041 992 3105 illo
1021 3042 1129 3125 capite
1153 3064 1266 3107 comm<

171 3166 242 3208 cunr
271 3146 334 3209 hoc
362 3146 566 3231 perspicitur,
597 3170 661 3232 qun
691 3148 868 3230 partitione
897 3148 1008 3228 ὀπτικὴ
1038 3149 1082 3213 sit
1110 3148 1144 3212 in
1168 3150 1266 3215 ἐπιπεὶ

170 3252 300 3332 μετρίαν
323 3250 389 3338 (vel
413 3252 642 3341 ἰχνογραφίαν)
668 3262 700 3319 et
724 3257 964 3335 (τερεομετρίαν
988 3257 1101 3340 divisa,
1124 3279 1222 3340 quam
1245 3280 1266 3342 p

170 3360 321 3425 titionem
345 3360 445 3425 etiam
469 3360 652 3427 Marcianus
676 3362 768 3426 novit
791 3362 838 3426 VI
862 3386 892 3446 p.
912 3365 986 3446 228,
1010 3367 1080 3427 tum
1104 3386 1170 3448 qua
1192 3365 1266 3430 rati(

171 3470 387 3552 geometricae
411 3492 484 3534 curn
504 3470 720 3535 arithmeticis
740 3470 923 3534 rationibus
943 3471 1088 3554 copulari
1108 3472 1176 3536 sint
1194 3473 1266 3537 solit

170 3575 220 3639 En
244 3577 344 3658 igitur
368 3576 532 3659 integrum
557 3581 662 3659 caput.
707 3578 903 3659 Fipororura
925 3598 1003 3659 quoe
1031 3577 1182 3660 σχήματα
1202 3601 1266 3662 poor

169 3687 236 3745 true
252 3682 417 3765 omniunt,
432 3686 545 3763 petora
563 3689 636 3746 suut
653 3685 722 3761 duo,
735 3685 870 3765 pharam
888 3690 916 3748 et
933 3686 1075 3749 solidum.
1106 3685 1182 3751 isaac
1193 3689 1258 3769 riost

167 3793 239 3856 root
253 3787 409 3851 ἐπίπεδον
423 3784 478 3850 καὶ
493 3786 638 3873 στερεόν.
656 3791 790 3871 planum
804 3797 847 3855 est
864 3793 946 3873 quod
962 3793 997 3855 in
1011 3793 1089 3856 (trus
1097 3795 1206 3874 portis
1218 3797 1266 3860 sot

168 3895 266 3959 tineus
283 3895 379 3979 liutet,
401 3916 462 3976 quo
481 3897 579 3961 latras
597 3902 641 3962 cst
657 3903 686 3961 et
704 3918 766 3980 quo
784 3900 925 3981 naaria:
948 3900 1056 3980 piratio
1074 3906 1150 3964 sant
1168 3903 1266 3983 tn‘que

167 4006 196 4064 et
223 4003 378 4082 preruiruta
408 3990 495 4084 quoe³
517 4006 552 4068 in
583 4026 657 4069 arcu
688 4007 769 4087 fiant
795 4008 862 4071 sins
887 4007 1059 4070 altitudine.
1104 4009 1239 4073 solatium

167 4111 289 4188 oriundo
324 4131 387 4174 noa
423 4111 627 4194 turpitudiues
658 4115 746 4178 orado
778 4119 806 4177 ct
837 4115 1015 4178 latitudines
1042 4114 1163 4194 planus
1194 4135 1266 4179 mem

168 4217 321 4281 linearum
347 4219 498 4301 efficior-ut,
525 4222 579 4284 sed
604 4222 696 4285 citior
723 4222 879 4291 extollunt,
893 4222 1089 4285 oltitruiiaes:
1114 4205 1266 4303 orruisse

165 4323 261 4401 forare
291 4329 388 4387 auiae
418 4327 590 4408 trioapalue
620 4347 698 4408 quos
722 4328 906 4407 pyrurrridos
933 4327 1104 4410 apulam,
1133 4330 1180 4392 oct
1208 4351 1266 4412 quo

166 4434 239 4493 sumt
260 4432 414 4511 qurudroiu
436 4434 569 4513 rendique
590 4455 669 4515 qrruc
690 4430 814 4514 κύβους
836 4433 894 4510 iili,
917 4453 973 4497 nos
995 4434 1222 4515 quatrantolio
1238 4437 1266 4500 dr
