2932 5026
679 1289 792 1370 XIV.

181 1463 414 1567 Hieronymi
440 1461 565 1544 index
592 1460 789 1544 librorum
817 1462 866 1543 ab
895 1459 1057 1561 Origene
1084 1459 1299 1562 Marcoque
1336 1423 1343 1437 ’

457 1603 632 1686 Varrone
661 1603 1016 1708 compositorum*).

682 1806 789 1814 ...—

137 1969 150 2008 e
254 1947 342 2023 Quos
375 1946 455 2010 olim
487 1945 744 2030 Hieronymus
777 1945 1044 2011 Stridonensis
1080 1944 1243 2008 librorum
1277 1945 1318 2007 ab

164 2053 328 2137 Origene
356 2051 563 2138 Marcoque
590 2052 765 2118 Varrone
798 2053 1053 2137 compositorum
1085 2050 1212 2114 indices
1243 2073 1316 2142 con·

164 2159 299 2243 fecerat,
332 2181 405 2224 cum
437 2159 493 2225 diu
525 2160 560 2224 in
589 2160 722 2225 summis
751 2161 919 2225 doctorum
945 2159 1115 2224 hominum
1144 2157 1316 2222 desideriis

165 2267 317 2351 fuissent,
354 2265 513 2352 singulari
550 2267 700 2332 fortunae
733 2267 889 2331 beneficio
921 2288 1023 2349 nuper
1056 2266 1198 2350 contigit
1231 2271 1268 2330 ut
1299 2288 1317 2330 c

164 2372 307 2438 tenebris
334 2374 369 2439 in
398 2374 515 2459 quibus
544 2374 717 2440 latuissent
740 2374 780 2438 ad
808 2374 878 2437 dias
906 2373 1037 2436 luminis
1062 2394 1136 2436 oras
1162 2372 1317 2436 redirent

59 2466 62 2472 ¹
166 2480 255 2556 Quos
278 2503 351 2546 cum
375 2503 392 2546 c
416 2481 535 2547 codicis
559 2482 725 2546 cuiusdam
750 2480 977 2545 Atrebatensis
1001 2478 1150 2562 exemplo
1178 2478 1316 2543 litterati

166 2587 264 2671 Angli
288 2610 365 2652 cura
392 2591 523 2672 parate,
552 2588 636 2672 quod
663 2608 842 2672 propensae
870 2587 904 2651 in
932 2608 990 2650 nos
1018 2584 1183 2648 voluntati
1212 2585 1317 2649 nostri

166 2715 269 2776 nuper
283 2694 426 2779 collegae
440 2693 616 2760 Lvnovrcr
626 2695 811 2760 Unnrcnsrr
827 2694 1031 2776 debebamus,
1045 2693 1078 2754 in
1089 2690 1196 2756 Musei
1212 2692 1316 2755 nostri

166 2798 325 2884 philologi
339 2804 428 2865 tomo
438 2800 485 2866 VI
502 2804 614 2885 [supra
628 2825 658 2886 p.
669 2802 734 2866 423
745 2804 827 2886 sqq.]
843 2801 1057 2886 vulgabamus
1073 2803 1172 2882 atquc
1188 2821 1316 2863 ennarra-

167 2907 290 2990 bamus,
313 2930 379 2971 non
400 2931 461 2973 nos
485 2909 632 2994 fugiebat
656 2932 752 2993 quam
777 2912 862 2973 esset
886 2906 1062 2991 optandum
1083 2911 1119 2970 ut
1138 2906 1195 2970 ille
1215 2906 1317 2970 codex

166 3011 270 3076 denuo
290 3013 504 3096 inspiceretur
522 3018 555 3078 ct
575 3015 722 3079 secundis
742 3016 826 3080 curis
846 3038 910 3099 qua
928 3013 997 3077 fieri
1016 3012 1188 3096 diligentia
1202 3017 1317 3095 posset

167 3121 376 3184 excuteretur.
412 3119 454 3183 Ei
482 3125 558 3184 voto
589 3122 684 3186 citius
713 3144 809 3205 quarn
838 3143 1082 3205 speraveramus
1107 3119 1315 3183 satisfactum

45 3225 48 3232 ’
168 3230 229 3309 cst,
252 3228 285 3289 et
306 3225 355 3290 ita
377 3230 413 3290 ut
436 3227 532 3292 huius
556 3249 683 3312 quoque
713 3229 858 3293 beneficii
885 3230 955 3292 laus
980 3227 1019 3290 ad
1048 3227 1131 3290 hanc
1155 3226 1315 3289 universi·

166 3335 269 3396 tatem
291 3332 411 3400 redeat
447 3333 532 3398 Nam
557 3356 643 3419 cum,
667 3335 721 3419 qui
746 3335 831 3418 apud
854 3358 913 3400 nos
937 3356 1021 3399 nunc
1045 3336 1078 3395 et
1099 3329 1316 3396 Sanscriticas

167 3439 293 3504 litteras
339 3440 441 3504 tradit
486 3445 519 3505 et
562 3441 691 3526 linguas
733 3463 920 3525 comparare
966 3440 1077 3521 docet,
1124 3437 1316 3502 Avcvsrvs

168 3544 434 3612 Sennnrcrrnnvs
471 3553 582 3612 noster
618 3571 676 3632 per
707 3548 995 3632 Francogsllorum
1032 3549 1136 3610 terras
1176 3545 1317 3629 peregri·

167 3652 275 3715 nando
303 3651 479 3717 Atrebates
507 3655 663 3739 venisset,
698 3678 828 3737 precum
856 3658 1041 3719 nostrarum
1071 3673 1197 3715 memor
1230 3651 1318 3714 hand

168 3760 218 3820 est
250 3762 419 3823 cunctatus
452 3759 683 3826 bibliothecam
717 3761 747 3827 S.
780 3761 913 3826 Vadasti
948 3760 1036 3824 adire
1072 3759 1183 3842 ibique
1222 3758 1318 3822 facile

166 3862 355 3948 indagatum
396 3866 538 3932 codicem
581 3869 822 3934 membraneum
859 3889 994 3932 numero
1041 3866 1104 3931 849
1148 3866 1319 3949 signatum

167 3973 258 4035 tanto
287 3972 395 4037 studio
423 3977 577 4058 tractare,
605 3982 642 4041 ut
668 3978 720 4041 vix
751 3977 937 4061 quicquam,
966 3974 1051 4058 quod
1079 3972 1119 4036 ad
1151 3973 1320 4055 quantivis

167 4077 264 4160 pretii
281 4078 403 4145 indices
422 4081 496 4146 illos
515 4083 609 4166 plene
629 4088 841 4168 accurateque
862 4081 1104 4166 cognoscendos
1129 4079 1320 4164 pertineret,

237 4323 262 4393 ⁸)
283 4323 471 4394 [Prooemium
492 4329 594 4385 Indicis
609 4329 767 4384 scholarum
782 4330 962 4385 hibernarum
977 4324 1166 4382 Bonnensium
1183 4342 1322 4381 annornm

170 4409 472 4472 clorocccxxxxrn
491 4419 520 4470 et
538 4418 581 4489 Is]
