2932 5026
487 324 771 377 oofflmtvs.
1139 306 1206 375 288

170 470 303 539 luent
335 468 457 537 minum
482 474 535 537 eat
561 466 788 555 plenissimam
815 466 1010 535 sententiam
1036 468 1207 555 negotium

95 574 226 647 dom
244 576 412 665 salium
434 574 566 665 Guyeto
592 573 732 643 Heinsio
753 572 943 641 Burmenno
968 574 1130 661 murinae,
1155 574 1206 643 in·

96 684 245 753 rtl'ninie
279 684 475 753 coniecturis
509 682 670 751 librorum
710 680 906 769 scripturam
941 680 1207 749 sollicitantibus.

46 788 1206 879 'lundinlemflorlimquiPorciirersnsaseutnitcaati·

91 902 170 987 μω
182 896 512 967 nummum·
528 896 564 965 n
576 895 712 965 nmen
726 874 967 989 chronologia
983 896 1053 963 mn
1070 894 1208 963 nemu

88 1026 115 1091 p
130 1005 183 1073 144
200 1004 247 1075 ed.
264 1004 332 1091 alt,
353 1002 441 1093 quod
461 1002 596 1071 omnino
617 1002 744 1071 nullam
765 1002 800 1071 in
818 1000 881 1069 lreo
898 1006 970 1069 tote
986 1002 1206 1089 disputatiom

85 1110 261 1181 utnon
281 1110 359 1179 leci:
380 1108 549 1179 letardum
570 1112 622 1177 ert
641 1114 773 1197 prester
792 1130 894 1177 unum
916 1130 1046 1202 vernum
1068 1112 1206 1195 sertum,

83 1218 130 1287 rb'
148 1218 212 1289 dit
234 1220 272 1286 ier
292 1216 462 1287 Gramion
488 1220 580 1285 recto
605 1216 724 1285 indicio
751 1214 867 1301 edidit,
898 1216 934 1283 in
960 1215 1095 1303 reliquie
1121 1238 1207 1303 qnae

77 1348 132 1393 sur
160 1346 235 1395 urus
265 1326 454 1395 meum
482 1324 654 1412 proposuit
683 1322 835 1391 omnibus
866 1344 909 1389 ne
939 1346 1039 1391 unam
1075 1322 1206 1411 quidem

70 1454 148 1521 prro
168 1432 301 1521 probari
317 1430 426 1519 possit
441 1430 585 1499 litteren
603 1452 685 1498 erse.
721 1428 815 1509 Quod
832 1450 906 1497 cum
924 1430 1026 1497 libers
1042 1430 1207 1517 profiteor,

64 1560 131 1607 ron
150 1560 222 1607 eree
242 1536 421 1635 eumdum
441 1540 522 1625 puto
544 1558 587 1605 ne
607 1534 648 1605 de
670 1536 783 1625 magni
805 1535 867 1603 riri
888 1536 987 1621 plane
1009 1535 1121 1603 divina
1143 1536 1206 1603 vir·

61 1648 133 1713 tute
154 1644 330 1733 quicqum
352 1644 523 1713 detrelrm
544 1643 779 1711 inrerermtiue
802 1640 921 1709 ridear.

148 1748 228 1835 Per.
249 1748 319 1827 887.
341 1750 363 1817 5
383 1750 462 1837 quin
483 1754 572 1819 recte
592 1748 726 1819 &csilio
747 1770 867 1817 nornen
889 1744 983 1837 (item
1006 1756 1044 1817 nt
1066 1772 1161 1817 versu
1183 1752 1206 1817 o

55 1858 203 1945 Gauiis)
223 1856 345 1925 Petrus
362 1856 508 1925 Crinitum
526 1856 693 1945 Lilineque
709 1854 870 1943 Gyraldue
891 1856 1103 1943 restituerint,
1125 1882 1207 1945 quos

52 1966 192 2053 paster
207 1964 363 2053 Pighium
383 1968 419 2031 et
430 1962 587 2033 Verrium
608 1985 722 2031 omnes
744 1964 849 2031 mcuti
871 1966 957 2049 eunt,
979 1963 1123 2031 dubitari
1140 1988 1207 2033 non

54 2070 188 2159 patitur
208 2068 404 2159 Hieronymi
430 2070 623 2139 enetoritas.
665 2068 790 2137 Verum
815 2069 902 2137 idem
928 2092 1003 2139 oum
1029 2068 1207 2139 coctum

53 2176 1208 2273 ‘mmmmmoespmiistmalmlaum

52 2282 230 2371 ψ’
251 2282 376 2371 usuc,
402 2284 513 2373 gravis
535 2284 637 2373 longo
659 2304 699 2351 er
720 2288 868 2369 tempore
890 2286 1113 2355 controversia
1134 2292 1209 2355 orte

55 2396 126 2479 ot,
157 2388 319 2459 maium
347 2392 404 2481 qni
430 2391 542 2459 andire
564 2389 726 2459 Andriam
752 2390 996 2479 preelegentem
1018 2392 1207 2461 Terentium

56 2498 219 2585 potnerit:
250 2497 380 2585 quando
401 2496 562 2567 Andriam
589 2519 655 2565 non
682 2499 789 2565 minue
812 2503 937 2565 eertum
960 2504 1012 2567 est
1033 2522 1119 2567 anno
1141 2500 1207 2569 588

60 2612 172 2673 utem
194 2626 291 2691 quam
310 2602 454 2671 Ennium
476 2610 640 2671 mortmm
663 2628 749 2672 enno
770 2605 845 2671 585.
883 2605 950 2671 Aut
971 2606 1074 2693 igitur
1090 2606 1206 2693 duplex

60 2712 130 2779 ruit
146 2711 187 2777 ds
204 2717 309 2778 morte
322 2710 454 2778 Caecilii
472 2712 639 2797 memoria,
662 2720 719 2779 aut
736 2712 922 2797 corruptela
940 2713 1022 2779 latet
1044 2713 1078 2779 in
1101 2715 1207 2780 verbis

61 2818 267 2904 Hieronymi.
311 2818 381 2885 Nec
404 2820 489 2885 enim
513 2820 563 2885 vel
586 2820 626 2885 de
649 2821 758 2905 priore
781 2819 892 2904 aliqua
914 2821 1041 2886 actione
1065 2820 1207 2886 Andriae

60 2932 151 2991 reete
173 2925 351 3010 cogitatur,
378 2948 438 2992 nec
460 2927 499 2992 de
523 2948 683 2993 annorum
705 2927 878 2993 intervallo
902 2927 986 3012 quod
1009 2928 1094 2993 inter
1116 2950 1208 3013 prae·

63 3031 237 3097 lectionem
269 3031 338 3097 eius
371 3032 503 3099 fabulae
534 3041 568 3099 et
600 3033 762 3099 actionem
799 3034 1031 3101 intercesserit:
1068 3036 1108 3101 de
1144 3060 1208 3122 qno

64 3138 270 3223 praelegendi
299 3139 437 3205 coneilio
459 3140 606 3225 pluribus
629 3141 829 3226 disputatum
852 3147 903 3207 est
926 3141 1057 3228 Parerg.
1080 3166 1111 3227 p.
1134 3144 1208 3209 329.

65 3243 178 3330 ltaque
200 3267 274 3311 eum
298 3245 408 3331 alique
430 3247 547 3313 lacuna
564 3248 714 3314 laborare
733 3248 832 3313 etiem
851 3249 1000 3331 proxime
1013 3248 1208 3334 Hieronymi

67 3352 164 3419 rerba
187 3349 223 3418 0.
236 3350 273 3417 F.
287 3350 493 3420 Hermennus
517 3355 691 3421 coniecerit
714 3355 987 3421 commentatione
1010 3356 1049 3421 de
1073 3357 1207 3441 scripto·

70 3458 154 3525 ribos
181 3458 364 3524 illustribus
393 3460 480 3545 apud
502 3460 740 3547 Hieronymum
769 3463 957 3528 memoratis
981 3461 1208 3547 Goettingensi

72 3567 142 3631 enni
167 3566 253 3632 1848
276 3589 307 3650 p.
330 3567 429 3651 4sq,
460 3567 547 3633 heud
578 3570 645 3635 scio
674 3592 717 3634 an
744 3569 779 3633 in
806 3568 920 3635 eadem
947 3571 1000 3635 via
1026 3569 1137 3654 paullo
1165 3570 1210 3634 sit

72 3670 194 3758 longius
226 3672 496 3757 progrediendum
529 3675 798 3761 librariorumque
830 3698 946 3741 manus
976 3676 1017 3741 ad
1047 3677 1113 3741 tale
1142 3676 1209 3741 fere

74 3781 246 3865 exemplum
270 3777 484 3846 emendando:
516 3796 692 3852 MORTVVS
716 3797 784 3852 EST
808 3798 911 3854 ANNO
936 3798 1028 3854 POST
1051 3797 1208 3853 MORTEM

75 3897 168 3956 HHNH
189 3902 250 3955 ΙΙΙ
269 3902 316 3957 ΕΤ
335 3902 451 3959 ΝΧΤΔ
471 3902 568 3958 EVM
587 3904 639 3958 ΙΝ
655 3904 832 3959 lumcvto
850 3904 1051 3960 sssPvLTvs:
1081 3890 1208 3974 quando

77 4010 168 4057 annue
191 3997 268 4077 post
290 3998 429 4060 mortem
451 3994 550 4061 Ennii
575 3996 691 4062 tertius
714 3996 784 4080 ipse
807 3997 871 4062 588
894 3996 966 4061 fuit
1007 3993 1099 4060 Nihil
1122 3997 1209 4063 enim

77 4118 130 4180 quo
160 4107 344 4186 temporum
381 4102 633 4187 discrepantiam
669 4103 761 4169 illam
799 4102 976 4187 expediret,
1012 4101 1208 4186 disputando

78 4198 269 4271 Hermunnue
296 4208 448 4293 profecit,
481 4231 553 4275 cum
581 4209 620 4274 de
648 4210 763 4275 mortis
792 4230 876 4274 nuno
899 4208 1068 4274 Ennianae
1096 4208 1211 4274 leviter

10 4366 13 4375 .
79 4314 180 4376 laxans
203 4310 369 4378 Ciceronis
397 4316 620 4381 testimonium
649 4315 746 4400 idque
777 4315 895 4399 duplex
919 4315 1012 4381 Bruti
1040 4337 1066 4380 c.
1089 4316 1142 4397 20,
1167 4317 1208 4381 78

10 4460 14 4499 ,
84 4421 112 4479 et
130 4414 240 4484 Catou.
262 4421 294 4503 5,
319 4422 370 4506 14,
395 4421 445 4486 vel
469 4422 550 4487 adeo
573 4422 692 4509 triplex
715 4422 797 4488 conl.
820 4420 911 4488 Brut
937 4425 987 4507 18,
1002 4422 1054 4508 72,
1076 4424 1146 4486 tum
1170 4422 1209 4491 de
