2932 5026
457 352 535 401 srvn
558 352 805 400 nosnouanvu
828 352 934 399 arsur.
1206 334 1268 399 531

157 495 258 561 0111010
279 495 335 559 des
359 516 411 559 ses
435 516 597 581 ouvrages
619 495 744 579 d'apr'es
763 495 928 560 differente
948 493 1160 559 manuscrits'
1179 494 1271 560 Paris

159 601 234 687 1856)
253 606 286 667 ct
306 601 464 667 Friderici
486 601 658 667 Ritschelii
686 602 725 667 de
749 601 909 666 Varronis
934 599 1196 665 Hebdomadibus
1220 601 1270 667 vel

157 709 310 794 lnsginnm
333 707 428 773 libris
452 707 728 773 commentatione
751 707 911 772 indicibus
936 708 1120 773 scholarum
1143 709 1178 772 in
1200 709 1270 773 uni·

157 816 281 881 versitate
304 815 471 881 Bonnensi
498 815 721 881 habendarum
751 838 778 879 a.
806 816 889 879 laod
918 819 950 878 01
978 816 1060 879 1851
1085 815 1273 898 praemissa,

159 921 225 987 cuias
248 922 439 1007 epimetrum
466 923 587 1008 legitur
615 923 650 987 in
673 922 777 987 Musei
805 921 954 986 Rhenani
984 944 1012 986 a.
1038 922 1120 987 1851
1150 922 1228 986 fasc.
1253 924 1269 984 1

159 1028 241 1111 plat
252 1050 298 1112 sq.
324 1030 396 1093 160.
434 1028 504 1105 Quo
528 1030 640 1094 libello
664 1053 693 1094 v.
713 1030 741 1094 d.
766 1029 871 1092 ordini
895 1028 1095 1092 restituendo
1118 1028 1272 1113 intentus,

159 1156 205 1219 quo
219 1135 288 1200 olim
303 1134 559 1201 ‘curiosissimus
579 1135 770 1220 disponendi
789 1134 904 1223 artifex
923 1140 955 1197 01
978 1139 1146 1218 tamquam
1170 1134 1272 1199 archi·

159 1241 251 1307 aas
278 1241 383 1307 Varro
407 1264 463 1306 eos
490 1243 592 1308 libros
621 1242 839 1326 disposuerat,
868 1265 907 1305 ex
931 1242 1041 1324 paucis
1066 1237 1273 1325 antiquitttis

160 1348 324 1414 1001000110
355 1348 478 1434 insigni
510 1372 574 1434 qua
605 1351 705 1433 pollet
734 1349 912 1433 sagacitate
944 1349 1044 1412 totius
1074 1348 1182 1431 operis
1211 1347 1275 1412 sibi

160 1451 317 1521 informavit
348 1478 419 1521 eam
451 1456 552 1521 fuisse
582 1457 737 1539 speciem,
770 1460 806 1520 ut
834 1456 893 1520 XV
919 1455 1076 1519 librorum
1100 1454 1166 1537 (tot
1189 1455 1274 1519 enim

160 1558 247 1645 101000,
267 1585 331 1628 non
354 1562 412 1647 LI,
436 1563 556 1628 codicis
579 1564 806 1628 Atrebatensis
830 1586 849 1626 a
872 1560 1078 1626 Schleichero
1101 1560 1275 1647 diligenter

162 1665 245 1732 collati
278 1689 453 1752 rursusque
485 1669 525 1733 ab
554 1668 579 1733 Ι.
612 1669 648 1734 Β.
681 1670 773 1735 Ρ1100
805 1669 930 1733 excussi
966 1668 1153 1732 testimonio
1186 1688 1274 1732 acce·

161 1768 232 1839 dente
251 1775 395 1842 codicum
418 1774 652 1841 Parisiensium
676 1799 835 1841 consensu
859 1774 970 1859 utique
994 1774 1187 1839 credendum
1210 1773 1274 1857 est)

161 1878 256 1959 primus
273 1883 473 1967 isagogicam
491 1883 747 1966 disputationem
766 1883 961 1965 contineret,
985 1880 1069 1944 undo
1088 1902 1147 1944 sua
1165 1878 1275 1944 hausit

161 1980 376 2072 deseptenario
398 2011 532 2055 numero
557 1989 681 2054 Gellius
706 1988 767 2073 III,
790 1990 844 2073 10,
868 1990 995 2073 qualem
1018 1986 1273 2071 Antiquitatium

160 2093 276 2170 psrt'bus
299 2095 406 2161 Varro
439 2100 685 2179 praeposuerat,
718 2096 975 2180 quattuordecim
1005 2093 1122 2179 reliqui
1151 2092 1273 2178 singuli

161 2201 277 2280 septenas
300 2201 482 2287 imaginum
505 2203 724 2268 hebdomades
748 2204 816 2267 sive
839 2205 882 2268 49
902 2203 1059 2287 imagines
1083 2201 1273 2285 complecte-

159 2308 252 2393 rentur,
271 2331 409 2395 quarum
432 2332 591 2375 summam
615 2311 728 2375 confici
752 2311 825 2383 6811.
863 2308 1016 2394 Singulos
1040 2312 1148 2372 autem
1172 2306 1273 2371 libros

159 2404 195 2471 111
211 2411 298 2480 fusse
322 2415 523 2495 distributos,
545 2420 583 2482 ut
605 2416 645 2482 ad
670 2418 812 2481 11000000
835 2415 983 2481 homiues
1007 2420 1132 2499 septcm
1154 2412 1274 2497 integri

160 2510 339 2605 ll‚1v,V1,
362 2521 458 2606 VIII,
482 2522 523 2605 X,
548 2522 627 2603 XII,
649 2521 727 2586 XIV
751 2527 948 2606 spectarent,
982 2545 1062 2606 quos
1087 2519 1274 2585 alternatim

159 2621 267 2692 totidem
288 2628 509 2695 Romanorum
533 2628 595 2711 III,
619 2628 658 2710 V,
682 2628 759 2712 VII,
784 2629 843 2711 IX,
866 2629 927 2713 XI,
949 2629 1044 2713 XIII,
1067 2625 1127 2692 XV
1151 2625 1301 2709 excipe-s

159 2733 223 2813 rent,
249 2735 333 2818 ipsas
367 2758 442 2801 vero
477 2736 693 2800 hebdomades
727 2735 902 2800 secuudum
940 2756 1059 2819 genera
1096 2739 1275 2817 poetarum,

159 2827 375 2925 1111100100ου000,
411 2849 577 2908 oratorum
608 2843 648 2907 al.
680 2843 779 2906 luisse
811 2843 987 2925 dispositas
1019 2843 1064 2905 ita
1095 2844 1129 2903 ut
1159 2840 1191 2903 iu
1222 2838 1274 2902 his

160 2953 257 3028 quoque
289 2946 421 3012 Graecis
458 2948 596 3012 Romani
634 2949 741 3032 'quoad
780 2950 848 3012 lieri
885 2954 996 3032 posset
1033 2947 1275 3031 responderent,

158 3053 280 3128 septenas
300 3054 437 3138 denique
456 3055 655 3137 singularum
675 3054 911 3117 hebdomadum
927 3054 1085 3137 imagines
1101 3052 1274 3118 secundum

158 3150 311 3242 temporum
343 3162 485 3224 rationes
517 3162 616 3225 fuisse
649 3162 854 3244 compositas.
909 3163 1007 3225 1101000
1041 3158 1272 3244 disputationis
1392 3190 1403 3211 ·

154 3276 230 3341 quum
257 3289 360 3350 pauca
387 3267 592 3350 antiquitatis
623 3268 810 3330 testimonio
839 3268 998 3349 nitantur,
1031 3268 1171 3351 plurima
1199 3286 1273 3329 con-

151 3361 252 3438 lectura
275 3373 352 3437 licet
375 3374 537 3456 probabili
562 3379 690 3456 reperta
714 3375 793 3454 sint,
817 3376 885 3437 11001
910 3397 974 3439 non
999 3379 1116 3457 potest,
1140 3372 1217 3455 quin
1241 3375 1274 3434 et

145 3472 342 3543 dissentiendi
363 3482 531 3544 materiam
547 3481 725 3563 prraebeant
740 3484 772 3543 et
787 3480 925 3563 amplius
941 3480 1114 3565 quaerendi
1131 3479 1273 3542 animum

140 3586 278 3651 excitent.
316 3586 429 3669 Itaque
449 3586 619 3651 Ritschclii
643 3587 783 3672 libellus,
807 3588 947 3651 atrebaris
973 3589 1126 3651 bonelieio
1151 3586 1190 3650 ad
1214 3609 1273 3650 nos

137 3692 254 3758 delatus
283 3715 381 3776 quum
410 3692 443 3755 in
473 3715 511 3757 eo
540 3716 696 3775 essemus,
729 3698 764 3756 ut
792 3694 866 3757 dote
895 3694 1005 3778 aliqua
1032 3694 1192 3759 litteraria
1216 3715 1274 3775 pro

134 3820 217 3864 more
241 3800 435 3863 instructum
459 3800 543 3864 hunc
563 3800 746 3864 scholarum
767 3801 905 3865 indicem
925 3802 1155 3885 omitteremus,
1179 3801 1274 3864 nobis

131 3909 162 3970 et
190 3905 277 3989 grati
308 3905 408 3969 animi
438 3926 517 3989 erga
546 3929 575 3970 v.
606 3907 634 3969 d.
665 3906 859 3971 testificandi
891 3909 1093 3973 occasionem
1123 3908 1211 3971 dedit
1242 3912 1275 3972 et

129 4033 246 4096 operae
269 4015 399 4075 nostrae
414 4011 554 4075 Varroni
579 4011 705 4076 deditae
729 4013 911 4095 proferendi
937 4015 1111 4097 specimen.
1148 4014 1217 4090 Qua
1241 4015 1275 4079 in

126 4141 162 4183 re
188 4119 238 4182 lta
265 4116 481 4200 versabimur,
509 4123 545 4183 ut
574 4120 779 4203 antiquitatis
804 4119 992 4183 memoriam
1021 4141 1084 4202 quo
1107 4121 1274 4184 exiliorem

125 4246 225 4309 super
255 4224 321 4288 illis
352 4223 442 4287 libris
473 4228 559 4288 nacti
589 4248 699 4289 sumus
729 4248 766 4290 00
796 4225 980 4309 religiosius
1010 4230 1167 4311 tutamur,
1200 4251 1274 4293 0000·

124 4330 322 4415 iicicndique
332 4335 529 4413 potestatem
540 4354 637 4415 quarn
649 4332 822 4395 artissimis
834 4332 952 4395 finibus
966 4332 1274 4399 circumscribamus.

217 4435 375 4502 Nostram
399 4460 526 4523 quoque
549 4437 804 4522 disputationem
833 4462 897 4504 non
922 4439 1050 4503 aliunde
1074 4439 1137 4503 nisi
1160 4462 1179 4502 a
1203 4439 1274 4505 loco

1008 4541 1062 4597 ³4*
1153 4574 1158 4583 ·
