2956 5018
185 321 249 387 398
610 340 657 385 un
681 340 715 386 u.
729 340 903 387 vanuams

182 486 317 546 truserat
343 479 552 562 Cleophantus
582 483 668 562 apeal
697 483 830 564 prisma,
862 484 927 564 ipse
952 482 1166 565 copaoarirruu'
1192 502 1223 547 se
1246 503 1265 545 a
1286 479 1313 567 (a

184 591 272 674 vulg.
296 586 372 671 om.)
393 587 512 670 fripirla
534 589 640 653 chauria
656 590 836 671 praeferaris
858 593 894 653 ui
914 595 1022 654 araim
1048 595 1094 654 ast
1122 590 1234 667 Varro,
1262 589 1314 654 alia

183 717 299 780 priapeia
321 696 531 760 blandimenta
552 697 752 778 excoquebat,
779 697 845 760 iam
868 699 1077 778 arspmlrmda
1100 697 1235 775 acuas,
1258 715 1314 777 aaa

182 825 254 868 ram
283 805 398 866 iactatu
428 807 484 866 arat
511 802 631 866 morbos
658 807 834 867 exterruerat
862 809 918 868 arai
944 824 1066 869 sarsinas
1088 804 1235 884 curreret,
1264 804 1316 867 ian

184 910 321 974 balineas·
343 909 523 972 oculissimu
546 908 706 974 lmraiaraa
725 911 867 991 cupidine
884 911 1081 989 institueram,
1103 916 1133 975 et
1150 911 1216 974 alia
1233 910 1317 975 aaa

143 1038 169 1078 ar
185 1019 268 1081 <licta
287 1021 381 1098 prata
402 1020 493 1096 atquc
514 1017 660 1081 iac-uuila.
695 1016 734 1081 In
757 1016 875 1100 quihus
899 1019 1016 1101 verbis,
1039 1039 1177 1101 quarum
1200 1038 1238 1082 ea
1259 1020 1317 1081 ten·

184 1130 253 1188 tum
277 1145 359 1207 quae
383 1119 424 1185 ad
447 1122 585 1187 inditum
600 1123 786 1207 Asclepiadi
810 1129 1063 1207 cognomentum
1086 1121 1318 1208 spectantllar

184 1230 272 1294 roais
306 1230 501 1294 auctoritate
533 1231 610 1312 poni
646 1230 857 1314 arbitramur,
896 1231 1102 1315 perineptum
1135 1229 1218 1294 illud
1247 1229 1322 1312 aperi

178 1339 299 1419 priscos
321 1359 401 1419 esse,
425 1341 565 1400 nonest
590 1336 720 1400 difficile
745 1335 984 1401 demonstratu:
1008 1336 1143 1401 tametsi
1166 1358 1206 1400 ex
1230 1357 1266 1401 ea
1286 1335 1321 1400 ad

186 1449 326 1529 aetatem
356 1444 435 1508 adeo
464 1444 605 1508 hominis
628 1444 844 1508 deliniendam
869 1443 989 1528 aliquid
1013 1447 1259 1528 argumentatus
1279 1447 1324 1508 est

184 1551 349 1616 Heekerus
368 1551 454 1615 Hist.
474 1550 620 1615 medicl
644 1574 675 1634 p.
690 1551 763 1615 366.
799 1550 885 1616 Nam
909 1554 946 1615 ut
968 1554 1096 1614 taceam
1120 1570 1180 1633 per
1199 1572 1234 1615 se
1251 1550 1325 1615 mire

184 1682 243 1724 nec
266 1659 387 1723 usitate
410 1659 496 1740 appui
507 1659 628 1739 priscas
646 1657 724 1722 diei:
750 1658 778 1721 si
797 1657 880 1721 nihil
901 1655 988 1721 aliud
1010 1656 1113 1720 voluit
1126 1656 1251 1721 Plinius
1268 1657 1326 1722 nisi

185 1770 273 1830 ante
298 1765 523 1849 Asclepiadem
552 1770 585 1829 et
614 1765 801 1830 morborum
830 1785 963 1829 caussas
987 1764 1028 1828 ab
1052 1762 1236 1848 Herophilo
1257 1768 1327 1829 eta

185 1871 388 1956 Cleophanto
412 1872 478 1936 vini
501 1871 661 1936 rationem
685 1872 866 1936 illustratas
895 1871 1013 1954 dicere,
1046 1871 1124 1955 quid
1153 1893 1236 1955 opus
1263 1875 1328 1937 erat

185 1980 317 2044 omniuo
346 1983 421 2063 post
442 1978 536 2060 prius
562 1977 657 2062 illud,
689 1978 755 2042 iam
779 1978 949 2062 Herophili
979 1977 1138 2042 mentioni
1166 1979 1328 2063 insertum,

186 2085 322 2150 alteram
347 2086 507 2168 quandam
530 2085 688 2168 temporis
711 2085 914 2150 notationem
939 2084 1043 2148 denuo
1067 2083 1213 2150 inferre?
1236 2086 1327 2152 Elam·

186 2213 246 2275 que
270 2192 398 2275 qualem
421 2190 575 2256 taudem?
603 2191 674 2266 Qua
697 2191 842 2275 profecto
861 2190 1033 2274 Herophili
1052 2192 1154 2257 aetati
1174 2197 1213 2258 ut
1230 2193 1329 2258 maiar

185 2299 283 2362 etiam
307 2296 520 2382 Cleophantia
544 2302 741 2382 opponatur:
773 2299 806 2363 id
834 2298 920 2383 quod
948 2319 1007 2362 nec
1029 2297 1064 2362 in
1087 2301 1260 2366 veritatem
1282 2300 1329 2365 hi·

186 2406 305 2470 storiae
337 2428 396 2470 nec
428 2407 462 2470 in
494 2406 593 2470 Plinii
630 2407 801 2471 eonsilium
834 2405 1004 2471 convenire
1040 2407 1150 2490 ipsum
1187 2407 1333 2490 suspicor

184 2513 367 2578 Heclrerum
391 2534 626 2577 concessarum.
662 2512 747 2577 Nam
772 2512 886 2578 Celsus
910 2511 969 2596 Ill,
988 2514 1028 2576 14
1052 2534 1127 2577 cum
1150 2510 1333 2599 Cleophan-

184 2624 254 2685 tum
277 2621 357 2685 dicit
378 2621 531 2703 quendam
553 2640 590 2684 aa
612 2619 838 2701 antiquioribus
855 2619 989 2696 erudiris,
1011 2640 1078 2683 non
1097 2619 1185 2684 aliud
1203 2603 1333 2703 teinpus

185 2728 348 2812 significat
369 2727 432 2790 nisi
457 2726 522 2790 tale
546 2726 597 2789 eni
621 2725 849 2790 etHcrodicus
873 2732 905 2789 et
920 2723 1145 2810 Cleophantus
1168 2724 1333 2791 tribuendi

185 2835 259 2898 sint.
305 2834 394 2911 Quae
418 2857 489 2897 cum
514 2834 562 2897 ita
586 2833 665 2916 sint,
687 2855 754 2898 uon
777 2833 885 2896 hercle
909 2833 1017 2916 inepte
1042 2834 1259 2898 coniectatum
1280 2838 1333 2897 eal

185 2944 219 3006 in
241 2942 351 3007 latinis
378 2943 464 3024 apuaci
479 2942 599 3022 priscos
628 2941 734 3004 verbis
759 2941 864 3023 ipsum
887 2960 1067 3024 cognomen
1093 2942 1194 3006 latere
1215 2941 1333 3005 Ascle·

185 3049 289 3131 piadis
318 3048 468 3112 aPlinio
498 3047 724 3130 significatum.
770 3045 807 3109 Id
835 3047 863 3110 si
892 3046 1077 3130 quaerimus
1107 3048 1203 3132 quale
1225 3046 1333 3129 fuerit„

184 3159 315 3238 praesto
340 3158 389 3217 est
405 3154 571 3218 Heclrerus
591 3152 625 3236 p.
641 3155 704 3217 387
730 3155 954 3233 ψυχρολούτηε
977 3176 1112 3240 ponens,
1134 3152 1332 3219 testimoniis

184 3260 375 3344 subscriptis
394 3260 492 3326 Plinii
507 3260 527 3325 l.
543 3283 567 3325 a.
582 3283 606 3325 s.
631 3264 664 3325 et
686 3259 788 3325 Caelii
812 3260 980 3329 Aureliani
1006 3262 1098 3327 Acut.
1123 3261 1153 3346 Ι,
1179 3264 1227 3327 14.
1264 3258 1325 3325 Sed

184 3365 286 3432 Caelii
310 3367 439 3453 quidem
461 3368 568 3432 nullus
588 3368 622 3431 in
641 3367 701 3431 hac
721 3389 835 3432 caussa
855 3391 932 3432 usus
952 3372 1010 3452 est,
1030 3366 1115 3451 apud
1134 3388 1229 3452 quem
1247 3362 1320 3430 nihil

184 3479 313 3557 praeter
348 3475 428 3539 haec
465 3478 605 3538 exstent:
652 3473 892 3561 (Asclepiades)
928 3475 1113 3540 oclmaaaaler
1147 3473 1223 3538 atala
1255 3470 1316 3536 dicii

184 3584 312 3662 [uquam
331 3581 438 3660 tmere]
458 3586 487 3645 ct
506 3582 626 3663 fru'piria
644 3581 754 3660 lauari,
777 3603 872 3663 paura
891 3583 1145 3667 ψυχρολουσίαν
1163 3579 1310 3664 spalat,

182 3694 210 3751 ct
231 3688 381 3770 smpirlaar
404 3687 517 3752 hibere:
550 3689 585 3752 in
608 3690 724 3773 quibus
748 3689 854 3753 verbis
879 3688 1021 3754 dubitari
1045 3689 1160 3772 nequit
1182 3686 1256 3771 quin
1275 3682 1311 3748 iu·

183 3795 290 3861 sitieia
327 3795 393 3859 sint
428 3817 511 3879 quae
548 3796 698 3860 cancellis
736 3797 926 3879 saepsimus.
976 3796 1151 3861 Praeterea
1187 3790 1311 3878 neglexit

185 3901 348 3965 Hcckerus
376 3902 415 3965 de
442 3903 548 3967 (laada
575 3902 694 3986 frigida
721 3903 752 3966 h.
777 3924 802 3966 e.
832 3904 874 3967 ab
903 3904 1047 3988 aegrotis
1076 3900 1217 3966 bibenda
1238 3894 1311 3982 loqui

184 4004 340 4091 Plinium,
372 4030 438 4072 non
468 4008 507 4072 de
536 4009 726 4074 balneorum
750 4011 1015 4097 lavationumque
1038 4032 1108 4075 usu.
1154 4007 1243 4092 Ergo
1264 4004 1312 4069 hac

183 4113 312 4196 quidem
335 4135 374 4177 ex
396 4119 488 4198 parte
512 4115 615 4179 multo
640 4138 716 4180 sanc
737 4121 770 4180 et
792 4117 1027 4182 consideratius
1051 4122 1085 4180 et
1107 4115 1232 4180 felicius
1250 4111 1313 4178 (lar-

183 4220 294 4284 narius
318 4222 350 4285 in
373 4223 459 4303 apurrl
469 4225 589 4304 priscas
604 4219 930 4309 (APUTPltlSCOS)
950 4225 1051 4289 latere
1075 4224 1214 4288 coniecit
1235 4220 1312 4287 huti-

183 4349 307 4409 ψυχροί
341 4327 626 4412 (ΔΟΕΙΨΥΧΡΟΕ,
659 4328 964 4414 DOSlPSlOROS).
1019 4330 1058 4394 In
1091 4354 1156 4415 quo
1189 4331 1315 4395 fonsae

183 4435 423 4522 acquievissem,
446 4437 509 4500 nisi
532 4438 698 4501 consultus
723 4460 742 4500 a
765 4458 816 4499 me
839 4437 1054 4501 amicissimus
1078 4436 1207 4522 collega
1227 4434 1315 4500 idem·
