2932 5026
178 317 244 382 384
595 334 642 380 uu
666 334 702 381 u.
725 333 899 382 vassorus

178 481 216 541 ui
247 476 288 541 ad
321 475 456 541 eundem
479 473 637 540 Varronis
671 477 790 541 librum
824 499 862 540 es
890 498 971 560 quae
999 475 1065 539 illis
1094 477 1248 543 continue

178 581 369 647 referamus:
393 582 510 666 quibus
533 604 615 668 quae
635 583 676 647 ab
695 583 767 666 ipso
782 580 938 647 Diomede
957 581 1206 666 admisceantur,
1228 583 1248 648 fr

178 690 396 774 unusquisque
423 689 604 775 dignoscet.
649 687 702 754 Sic
730 690 831 775 igitur
854 690 908 755 ille
932 691 1042 775 pergit
1064 692 1084 771 ξ
1108 689 1167 754 52:
1197 688 1248 756 Oel

177 796 245 861 m'us
270 801 327 881 esl,
356 802 392 860 al
419 796 519 861 Varro
545 797 632 874 duic,
665 817 735 861 cam
761 797 821 861 cluo
848 798 945 862 iambi
960 799 1054 879 pedes
1075 796 1208 862 marlico
1230 819 1248 861 a

172 907 409 985 praepommiur
431 909 460 967 el
480 903 518 984 pil
539 923 644 968 rerem
667 903 755 967 halis:
779 901 877 984 ‘palm
899 923 983 968 meus
1004 904 1107 969 diceus
1123 905 1248 968 docorum

177 1011 259 1074 (locet
286 1011 362 1075 dicil
382 1009 518 1076 docens’.
549 1011 617 1076 tolle
639 1008 712 1074 hiuc
727 1011 850 1092 primos
872 1010 949 1074 diros
971 1009 1103 1089 rombus,
1133 1015 1163 1074 el
1183 1010 1243 1073 eril

176 1118 266 1199 quale
288 1117 369 1182 illud
389 1122 448 1183 csl:
473 1117 543 1184 ‘ibis
566 1117 717 1183 Liburnis
739 1118 820 1181 »ruer
841 1116 908 1181 alla
929 1114 1084 1180 uarium'.
1130 1119 1151 1196 fi
1175 1116 1232 1181 53:

177 1229 270 1289 meter
296 1223 405 1289 herus
428 1245 465 1288 err
487 1226 642 1307 superiore
664 1222 873 1306 lteramelro*)
895 1224 934 1304 fil
954 1228 989 1286 ut
1011 1224 1166 1288 diximus:
1198 1225 1248 1288 sed

136 1350 162 1388 sc
183 1331 282 1396 Varro
295 1331 334 1396 ab
348 1329 587 1417 Archilocho**)
610 1337 735 1396 auctum
757 1332 833 1394 elicit
853 1330 1001 1395 adiuncta
1023 1329 1144 1411 syllaba
1163 1330 1248 1410 elsa

177 1439 253 1503 lale:
278 1437 492 1520 ‘ommpoloulo
508 1443 647 1521 porculo*
660 1437 745 1503 meo'.
768 1438 840 1503 hrrie
861 1439 892 1502 si·
912 1436 1041 1517 auferas
1062 1437 1210 1501 ultimam
1231 1459 1248 1520 s

176 1544 261 1628 bam,
288 1550 379 1610 eruut
402 1545 477 1610 lalcs
500 1551 560 1610 lres
575 1547 681 1627 perles,
703 1565 778 1627 quos
795 1545 887 1627 prior
903 1564 984 1626 pars
1005 1543 1175 1608 leecamelri
1196 1566 1248 1610 rea

177 1654 339 1717 cousuevit.
384 1654 404 1733 ᾗ
429 1651 485 1717 54:
509 1651 740 1718 Archilochium
759 1653 859 1718 Varro
882 1652 962 1717 urm
983 1651 1059 1716 dicii
1079 1653 1163 1733 quod
1183 1658 1227 1718 esi

178 1757 227 1823 ‘ea
250 1758 389 1825 litoribus
405 1765 606 1842 properantes
628 1760 758 1825 uocibus
775 1757 944 1825 reocduul'.
970 1758 1021 1823 hic
1041 1760 1186 1840 superius
1203 1778 1248 1824 eor

178 1866 261 1946 quod
285 1870 330 1946 esl
357 1866 417 1931 lale
444 1865 497 1931 ‘er
523 1866 664 1932 litoribus
683 1865 900 1950 properaulcs'
927 1865 1029 1932 simile
1057 1870 1101 1930 est
1127 1866 1178 1931 illi
1201 1865 1248 1930 ‘li

177 1972 232 2054 qui
251 1973 374 2054 primus
395 1972 435 2038 ab
457 1971 549 2050 oris';
571 1972 704 2053 iuferius
727 1994 846 2039 commo
867 1974 949 2056 quod
969 1977 1012 2037 csl
1035 1972 1096 2037 lale
1119 1971 1248 2039 ‘nombre

176 2078 299 2144 acuar
323 2080 426 2146 simile
447 2085 492 2146 csl
512 2081 562 2146 illi
584 2081 666 2162 quod
688 2087 733 2146 esl
755 2082 815 2146 mle
837 2079 1014 2145 ‘erachiam
1036 2078 1190 2144 coriuac'.
1213 2117 1248 2126 -

179 2185 258 2250 baec
288 2183 416 2270 quidem
447 2187 594 2271 exemplu
619 2185 797 2253 Varronem
826 2190 990 2254 auctorem
1013 2191 1126 2270 aperte
1148 2190 1248 2253 hesim

176 2291 300 2356 habeut
327 2292 414 2358 haud
442 2294 538 2359 dubie
562 2295 631 2360 siue
654 2297 840 2362 testimonio
864 2295 942 2380 elia,
965 2317 1047 2381 quae
1070 2292 1248 2379 persimilis

177 2398 373 2483 praeceduub
402 2400 453 2466 vel
483 2405 669 2486 sequuntur.
714 2401 754 2466 In
781 2423 917 2487 quorum
945 2404 1053 2466 iumen
1075 2422 1242 2466 numerum

178 2506 267 2570 venii
292 2507 355 2572 hoe
386 2506 471 2593 quod
500 2507 660 2573 subicitur
690 2509 789 2589 §bix
822 2508 1000 2573 Dimelram
1022 2528 1152 2590 qaoque,
1178 2510 1248 2591 quor

177 2633 215 2677 err
241 2615 396 2696 supermre
415 2620 509 2697 parte
535 2615 717 2695 manichi,
744 2615 977 2681 Archilochium
1004 2636 1070 2679 uua
1091 2616 1248 2699 syllabem

177 2725 206 2783 el
230 2720 304 2801 secil
331 2721 407 2786 lale:
441 2721 518 2787 ‘rull
545 2723 601 2787 irbi
624 2722 791 2788 Timocles’.
836 2721 919 2788 Nam
950 2723 1011 2786 etsi
1040 2721 1086 2785 sic
1110 2723 1248 2806 scriptun

177 2826 244 2890 suis
276 2827 440 2893 codicibus
467 2828 592 2893 invenit
615 2827 831 2911 Gsisfordius,
860 2833 969 2893 iumen
997 2850 1056 2892 nee
1080 2828 1248 2894 Archiloeb

176 2934 256 2997 illud
288 2934 396 3017 ipsum
429 2934 602 2999 dimetrum
634 2958 731 3019 supro
761 2935 882 2999 dietum
912 2940 961 2999 est
983 2958 1014 3019 p.
1042 2936 1108 3000 494
1137 2937 1223 3016 §32

178 3040 242 3105 duo
275 3040 421 3124 exempla
454 3045 538 3125 sunt,
569 3064 634 3106 non
658 3064 770 3105 unum:
803 3042 943 3107 scribenti
973 3042 1053 3108 mihi
1073 3045 1084 3126 ΙΙ
1107 3065 1248 3124 praeruor

176 3145 260 3232 dea),
289 3150 322 3210 ei
344 3147 479 3211 offendit
501 3148 671 3213 collocatio
695 3149 878 3213 verborum:
911 3170 1009 3235 quare
1033 3151 1142 3215 neseio
1167 3174 1208 3215 an
1231 3175 1248 3236 p

178 3257 242 3317 siet
269 3253 428 3319 editorum
458 3255 621 3338 scripturo
634 3257 864 3340 'exemplorum
887 3255 1103 3340 Archilochus,
1132 3279 1248 3340 praese:

177 3382 248 3424 oum
278 3360 488 3446 insequuntur
511 3361 591 3427 haec
614 3365 634 3442 ἕ
657 3363 713 3428 56;
741 3355 905 3428 diorelmmr
928 3367 961 3427 el
983 3363 1091 3440 illud,
1119 3365 1201 3445 quod
1222 3385 1248 3430 os

176 3467 323 3548 inferiore
334 3475 426 3551 parte
444 3470 620 3553 lusamelri,
642 3470 845 3535 Archilochus
862 3470 953 3534 aurit
970 3490 995 3532 e.
1010 3492 1040 3553 q.
1055 3492 1079 3532 s.
1116 3469 1194 3534 Alis
1211 3475 1248 3536 is

176 3576 261 3640 ratio
283 3575 400 3640 horum
424 3581 445 3658 ξ
469 3580 525 3642 65:
549 3579 686 3643 iambico
709 3599 821 3643 uocum
843 3598 966 3641 corrues
989 3577 1082 3658 referi
1104 3577 1214 3658 Varro,
1236 3598 1248 3642 e

176 3683 345 3762 exemplum
363 3689 407 3746 esl
425 3684 501 3747 lale:
527 3682 639 3764 ‘pedem
656 3684 888 3766 rhythmumque
905 3684 1002 3766 fiuil'.
1040 3683 1103 3748 Hic
1122 3684 1218 3748 focile
1237 3707 1248 3766 r

177 3788 263 3872 piem
297 3787 420 3872 cogitet
451 3788 490 3851 de
521 3790 615 3852 metri
646 3810 762 3873 genere
791 3813 855 3875 quo
883 3792 952 3875 ipse
978 3792 1083 3857 Varro
1113 3813 1190 3854 usus
1219 3791 1247 3856 si

247 3998 274 4066 ⁸²)
303 3997 442 4068 Vulgotur
469 4016 503 4054 ee
530 4000 668 4068 superiore
695 4000 823 4067 iambico,
853 4001 900 4069 qui
930 4018 1004 4056 error
1028 4003 1087 4057 solo
1110 4019 1179 4058 essu
1202 4003 1248 4059 irre

176 4085 292 4140 Dixerat
315 4087 388 4141 euim
407 4106 435 4158 p.
454 4094 505 4142 494
524 4096 539 4156 5
558 4096 604 4144 33:
639 4091 679 4143 sie
703 4095 727 4143 el
753 4092 903 4144 triarelrum
929 4108 962 4145 ex
986 4094 1126 4162 superiore
1141 4094 1248 4162 portel

175 4176 254 4228 metri
272 4176 338 4229 lale:
359 4177 474 4257 ‘Musae
495 4179 618 4233 Pierides
635 4176 752 4234 uoolra’.

231 4263 272 4334 *ἢ
292 4265 330 4318 At
352 4283 417 4321 vero
441 4285 504 4322 eum
528 4286 636 4322 versum
656 4285 718 4323 cum
737 4269 851 4324 minime
869 4269 1001 4326 tribuerit
1017 4269 1203 4344 Archilocho,
1225 4288 1248 4328 rs

175 4353 288 4423 quidem
316 4372 371 4408 uuo
399 4355 508 4424 syllaba
535 4357 687 4413 auctiorem
710 4358 805 4428 potuit
829 4358 866 4415 ab
887 4359 1065 4418 Archilochio
1086 4359 1249 4427 mlii

175 4443 205 4497 id
224 4443 298 4512 quod
318 4443 418 4515 editur,
437 4446 486 4499 sed
506 4449 618 4502 suctum
637 4447 673 4503 ab
690 4446 828 4507 ΑΜ
964 4466 976 4509 r.
