<?xml version="1.0" encoding="UTF-8"?>
<!DOCTYPE html PUBLIC "-//W3C//DTD XHTML 1.0 Transitional//EN"
    "http://www.w3.org/TR/xhtml1/DTD/xhtml1-transitional.dtd">
<html xmlns="http://www.w3.org/1999/xhtml" xml:lang="en" lang="en">
 <head>
  <title>
</title>
<meta http-equiv="Content-Type" content="text/html;charset=utf-8" />
  <meta name='ocr-system' content='tesseract 3.04.00' />
  <meta name='ocr-capabilities' content='ocr_page ocr_carea ocr_par ocr_line ocrx_word'/>
</head>
<body>
  <div class='ocr_page' id='page_1' title='image "./fridericiritsch02ritsgoog_0550.png"; bbox 0 0 2932 5026; ppageno 0'>
   <div class='ocr_carea' id='block_1_1' title="bbox 138 105 955 172">
    <p class='ocr_par' dir='ltr' id='par_1_1' title="bbox 138 105 955 172">
     <span class='ocr_line' id='line_1_1' title="bbox 138 105 955 172; baseline -0.005 -2"><span class='ocrx_word' id='word_1_1' title='bbox 138 107 202 172; x_wconf 85' lang='lat'>518</span> <span class='ocrx_word' id='word_1_2' title='bbox 468 121 582 168; x_wconf 81' lang='lat' dir='ltr'>uanus</span> <span class='ocrx_word' id='word_1_3' title='bbox 606 105 752 172; x_wconf 79' lang='lat' dir='ltr'>vxaso&#39;s</span> <span class='ocrx_word' id='word_1_4' title='bbox 777 121 955 168; x_wconf 77' lang='lat' dir='ltr'>ruucrnvu</span> 
     </span>
    </p>
   </div>
   <div class='ocr_carea' id='block_1_2' title="bbox 137 263 1305 2485">
    <p class='ocr_par' dir='ltr' id='par_1_2' title="bbox 137 263 1305 2485">
     <span class='ocr_line' id='line_1_2' title="bbox 137 263 1273 349; baseline 0 -19"><span class='ocrx_word' id='word_1_5' title='bbox 137 266 255 349; x_wconf 87' lang='lat' dir='ltr'>positis</span> <span class='ocrx_word' id='word_1_6' title='bbox 278 265 495 330; x_wconf 87' lang='lat' dir='ltr'>voluminibus</span> <span class='ocrx_word' id='word_1_7' title='bbox 520 269 622 329; x_wconf 89' lang='lat' dir='ltr'>artem</span> <span class='ocrx_word' id='word_1_8' title='bbox 646 265 806 348; x_wconf 82' lang='lat' dir='ltr'>complexi</span> <span class='ocrx_word' id='word_1_9' title='bbox 831 266 898 328; x_wconf 88' lang='lat' dir='ltr'>sint</span> <span class='ocrx_word' id='word_1_10' title='bbox 919 263 1074 348; x_wconf 88' lang='lat' dir='ltr'>(quorum</span> <span class='ocrx_word' id='word_1_11' title='bbox 1097 263 1132 328; x_wconf 91' lang='lat' dir='ltr'>in</span> <span class='ocrx_word' id='word_1_12' title='bbox 1152 283 1273 330; x_wconf 82' lang='lat' dir='ltr'>numero</span> 
     </span>
     <span class='ocr_line' id='line_1_3' title="bbox 138 368 1286 457; baseline 0.001 -21"><span class='ocrx_word' id='word_1_13' title='bbox 138 373 204 436; x_wconf 91' lang='lat' dir='ltr'>iam</span> <span class='ocrx_word' id='word_1_14' title='bbox 235 372 455 457; x_wconf 82' lang='lat' dir='ltr'>intellegimus</span> <span class='ocrx_word' id='word_1_15' title='bbox 480 372 659 437; x_wconf 87' lang='lat' dir='ltr'>Varronem</span> <span class='ocrx_word' id='word_1_16' title='bbox 689 369 819 455; x_wconf 89' lang='lat' dir='ltr'>fuisse),</span> <span class='ocrx_word' id='word_1_17' title='bbox 850 375 882 435; x_wconf 92' lang='lat' dir='ltr'>et</span> <span class='ocrx_word' id='word_1_18' title='bbox 910 369 1003 434; x_wconf 90' lang='lat' dir='ltr'>miris</span> <span class='ocrx_word' id='word_1_19' title='bbox 1033 368 1185 436; x_wconf 83' lang='lat' dir='ltr'><strong>laudibus</strong></span> <span class='ocrx_word' id='word_1_20' title='bbox 1206 372 1286 437; x_wconf 67' lang='lat' dir='ltr'>mla-</span> 
     </span>
     <span class='ocr_line' id='line_1_4' title="bbox 139 477 1290 563; baseline 0.001 -19"><span class='ocrx_word' id='word_1_21' title='bbox 139 480 226 544; x_wconf 89' lang='lat' dir='ltr'>brari</span> <span class='ocrx_word' id='word_1_22' title='bbox 251 484 284 543; x_wconf 90' lang='lat' dir='ltr'>et</span> <span class='ocrx_word' id='word_1_23' title='bbox 302 479 465 563; x_wconf 78' lang='lat' dir='ltr'>Polyclito</span> <span class='ocrx_word' id='word_1_24' title='bbox 484 478 614 563; x_wconf 85' lang='lat' dir='ltr'>Myroni</span> <span class='ocrx_word' id='word_1_25' title='bbox 633 477 841 563; x_wconf 74' lang='lat' dir='ltr'>Pythagorae</span> <span class='ocrx_word' id='word_1_26' title='bbox 861 477 1001 562; x_wconf 90' lang='lat' dir='ltr'>aequari.</span> <span class='ocrx_word' id='word_1_27' title='bbox 1037 477 1211 544; x_wconf 75' lang='lat' dir='ltr'>Praeterea</span> <span class='ocrx_word' id='word_1_28' title='bbox 1224 499 1290 544; x_wconf 80' lang='lat' dir='ltr'>uec</span> 
     </span>
     <span class='ocr_line' id='line_1_5' title="bbox 138 583 1302 669; baseline 0.003 -19"><span class='ocrx_word' id='word_1_29' title='bbox 138 586 281 669; x_wconf 88' lang='lat' dir='ltr'>profecto</span> <span class='ocrx_word' id='word_1_30' title='bbox 309 587 395 650; x_wconf 88' lang='lat' dir='ltr'>inter</span> <span class='ocrx_word' id='word_1_31' title='bbox 424 586 618 650; x_wconf 76' lang='lat' dir='ltr'>architectos</span> <span class='ocrx_word' id='word_1_32' title='bbox 650 585 769 649; x_wconf 90' lang='lat' dir='ltr'>clarior</span> <span class='ocrx_word' id='word_1_33' title='bbox 791 583 991 650; x_wconf 82' lang='lat' dir='ltr'>Menecrates</span> <span class='ocrx_word' id='word_1_34' title='bbox 1020 585 1099 669; x_wconf 87' lang='lat' dir='ltr'>fnit,</span> <span class='ocrx_word' id='word_1_35' title='bbox 1127 608 1187 650; x_wconf 90' lang='lat' dir='ltr'>nec</span> <span class='ocrx_word' id='word_1_36' title='bbox 1207 586 1302 654; x_wconf 74' lang='lat' dir='ltr'>illud</span> 
     </span>
     <span class='ocr_line' id='line_1_6' title="bbox 138 691 1303 777; baseline 0.003 -22"><span class='ocrx_word' id='word_1_37' title='bbox 138 692 469 775; x_wconf 89' lang='lat' dir='ltr'>praetermittendum,</span> <span class='ocrx_word' id='word_1_38' title='bbox 492 715 559 757; x_wconf 91' lang='lat' dir='ltr'>non</span> <span class='ocrx_word' id='word_1_39' title='bbox 583 692 720 756; x_wconf 87' lang='lat' dir='ltr'>liberam</span> <span class='ocrx_word' id='word_1_40' title='bbox 743 691 884 756; x_wconf 89' lang='lat' dir='ltr'>Varroni</span> <span class='ocrx_word' id='word_1_41' title='bbox 908 692 1077 776; x_wconf 87' lang='lat' dir='ltr'>optionem</span> <span class='ocrx_word' id='word_1_42' title='bbox 1098 691 1211 777; x_wconf 84' lang='lat' dir='ltr'>fuisse,</span> <span class='ocrx_word' id='word_1_43' title='bbox 1231 692 1303 760; x_wconf 78' lang='lat' dir='ltr'>aed</span> 
     </span>
     <span class='ocr_line' id='line_1_7' title="bbox 138 797 1305 883; baseline 0.004 -21"><span class='ocrx_word' id='word_1_44' title='bbox 138 799 364 863; x_wconf 87' lang='lat' dir='ltr'>necessitatem</span> <span class='ocrx_word' id='word_1_45' title='bbox 399 800 507 883; x_wconf 88' lang='lat' dir='ltr'>potius</span> <span class='ocrx_word' id='word_1_46' title='bbox 540 819 651 862; x_wconf 91' lang='lat' dir='ltr'>eorum</span> <span class='ocrx_word' id='word_1_47' title='bbox 683 797 938 883; x_wconf 84' lang='lat' dir='ltr'>deligendorum,</span> <span class='ocrx_word' id='word_1_48' title='bbox 971 820 1114 882; x_wconf 92' lang='lat' dir='ltr'>quorum</span> <span class='ocrx_word' id='word_1_49' title='bbox 1144 798 1305 868; x_wconf 77' lang='lat' dir='ltr'>alicunde</span> 
     </span>
     <span class='ocr_line' id='line_1_8' title="bbox 139 905 1304 991; baseline 0 -21"><span class='ocrx_word' id='word_1_50' title='bbox 139 907 261 988; x_wconf 87' lang='lat' dir='ltr'>petitas</span> <span class='ocrx_word' id='word_1_51' title='bbox 284 907 444 990; x_wconf 85' lang='lat' dir='ltr'>imagines</span> <span class='ocrx_word' id='word_1_52' title='bbox 468 907 502 970; x_wconf 97' lang='lat' dir='ltr'>in</span> <span class='ocrx_word' id='word_1_53' title='bbox 526 909 680 991; x_wconf 86' lang='lat' dir='ltr'>promptu</span> <span class='ocrx_word' id='word_1_54' title='bbox 703 905 846 970; x_wconf 87' lang='lat' dir='ltr'>haberet.</span> <span class='ocrx_word' id='word_1_55' title='bbox 892 905 981 981; x_wconf 78' lang='lat' dir='ltr'>Quae</span> <span class='ocrx_word' id='word_1_56' title='bbox 1005 905 1105 970; x_wconf 87' lang='lat' dir='ltr'>venia</span> <span class='ocrx_word' id='word_1_57' title='bbox 1127 905 1228 970; x_wconf 84' lang='lat' dir='ltr'>etiarn</span> <span class='ocrx_word' id='word_1_58' title='bbox 1247 909 1304 977; x_wconf 78' lang='lat' dir='ltr'>ad</span> 
     </span>
     <span class='ocr_line' id='line_1_9' title="bbox 139 1011 1300 1103; baseline 0.006 -28"><span class='ocrx_word' id='word_1_59' title='bbox 139 1011 360 1097; x_wconf 87' lang='lat' dir='ltr'>Pythagoram</span> <span class='ocrx_word' id='word_1_60' title='bbox 384 1013 535 1096; x_wconf 87' lang='lat' dir='ltr'>pertinet,</span> <span class='ocrx_word' id='word_1_61' title='bbox 559 1013 611 1076; x_wconf 86' lang='lat' dir='ltr'>vix</span> <span class='ocrx_word' id='word_1_62' title='bbox 634 1012 855 1076; x_wconf 84' lang='lat' dir='ltr'>inlustriorem</span> <span class='ocrx_word' id='word_1_63' title='bbox 874 1012 1059 1096; x_wconf 85' lang='lat' dir='ltr'>Alcamene,</span> <span class='ocrx_word' id='word_1_64' title='bbox 1085 1011 1300 1103; x_wconf 81' lang='lat' dir='ltr'>Agoracrito,</span> 
     </span>
     <span class='ocr_line' id='line_1_10' title="bbox 142 1118 1292 1203; baseline 0.003 -18"><span class='ocrx_word' id='word_1_65' title='bbox 142 1118 299 1198; x_wconf 77' lang='lat' dir='ltr'>Ctesilao,</span> <span class='ocrx_word' id='word_1_66' title='bbox 327 1120 409 1186; x_wconf 91' lang='lat' dir='ltr'>aliis.</span> <span class='ocrx_word' id='word_1_67' title='bbox 455 1118 577 1183; x_wconf 88' lang='lat' dir='ltr'>Verum</span> <span class='ocrx_word' id='word_1_68' title='bbox 602 1142 638 1185; x_wconf 93' lang='lat' dir='ltr'>eo</span> <span class='ocrx_word' id='word_1_69' title='bbox 662 1122 773 1183; x_wconf 87' lang='lat' dir='ltr'>tamen</span> <span class='ocrx_word' id='word_1_70' title='bbox 795 1119 900 1183; x_wconf 88' lang='lat' dir='ltr'>maior</span> <span class='ocrx_word' id='word_1_71' title='bbox 921 1118 1137 1203; x_wconf 84' lang='lat' dir='ltr'>Telephanis,</span> <span class='ocrx_word' id='word_1_72' title='bbox 1167 1120 1292 1189; x_wconf 86' lang='lat' dir='ltr'>sicum</span> 
     </span>
     <span class='ocr_line' id='line_1_11' title="bbox 141 1226 1289 1311; baseline 0.002 -20"><span class='ocrx_word' id='word_1_73' title='bbox 141 1228 257 1291; x_wconf 87' lang='lat' dir='ltr'>ceteris</span> <span class='ocrx_word' id='word_1_74' title='bbox 282 1226 461 1310; x_wconf 84' lang='lat' dir='ltr'>confertur,</span> <span class='ocrx_word' id='word_1_75' title='bbox 489 1226 680 1311; x_wconf 85' lang='lat' dir='ltr'>ignobilitas</span> <span class='ocrx_word' id='word_1_76' title='bbox 703 1226 820 1308; x_wconf 79' lang='lat' dir='ltr'>valuit,</span> <span class='ocrx_word' id='word_1_77' title='bbox 844 1230 881 1289; x_wconf 89' lang='lat' dir='ltr'>ut</span> <span class='ocrx_word' id='word_1_78' title='bbox 903 1226 1041 1289; x_wconf 89' lang='lat' dir='ltr'>multum</span> <span class='ocrx_word' id='word_1_79' title='bbox 1067 1229 1181 1291; x_wconf 85' lang='lat' dir='ltr'>aetate</span> <span class='ocrx_word' id='word_1_80' title='bbox 1204 1231 1289 1294; x_wconf 80' lang='lat' dir='ltr'>ante·</span> 
     </span>
     <span class='ocr_line' id='line_1_12' title="bbox 142 1331 1280 1418; baseline 0.002 -19"><span class='ocrx_word' id='word_1_81' title='bbox 142 1335 257 1399; x_wconf 91' lang='lat' dir='ltr'>cedens</span> <span class='ocrx_word' id='word_1_82' title='bbox 277 1334 458 1418; x_wconf 89' lang='lat' dir='ltr'>Lysippum</span> <span class='ocrx_word' id='word_1_83' title='bbox 481 1333 557 1397; x_wconf 92' lang='lat' dir='ltr'>huic</span> <span class='ocrx_word' id='word_1_84' title='bbox 580 1336 688 1397; x_wconf 82' lang='lat' dir='ltr'>temen</span> <span class='ocrx_word' id='word_1_85' title='bbox 711 1335 962 1416; x_wconf 88' lang='lat' dir='ltr'>postponeretur</span> <span class='ocrx_word' id='word_1_86' title='bbox 986 1353 1006 1395; x_wconf 93' lang='lat' dir='ltr'>a</span> <span class='ocrx_word' id='word_1_87' title='bbox 1026 1331 1152 1398; x_wconf 88' lang='lat' dir='ltr'>Plinio:</span> <span class='ocrx_word' id='word_1_88' title='bbox 1174 1355 1280 1401; x_wconf 76' lang='lat' dir='ltr'>naurs</span> 
     </span>
     <span class='ocr_line' id='line_1_13' title="bbox 141 1437 1275 1524; baseline 0 -20"><span class='ocrx_word' id='word_1_89' title='bbox 141 1440 287 1505; x_wconf 89' lang='lat' dir='ltr'>Varrone</span> <span class='ocrx_word' id='word_1_90' title='bbox 316 1440 445 1524; x_wconf 90' lang='lat' dir='ltr'>quidem</span> <span class='ocrx_word' id='word_1_91' title='bbox 477 1438 620 1503; x_wconf 87' lang='lat' dir='ltr'>dubitari</span> <span class='ocrx_word' id='word_1_92' title='bbox 643 1437 755 1521; x_wconf 83' lang='lat' dir='ltr'>nequit</span> <span class='ocrx_word' id='word_1_93' title='bbox 778 1438 855 1522; x_wconf 93' lang='lat' dir='ltr'>quin</span> <span class='ocrx_word' id='word_1_94' title='bbox 880 1439 934 1502; x_wconf 91' lang='lat' dir='ltr'>ille</span> <span class='ocrx_word' id='word_1_95' title='bbox 958 1461 1032 1503; x_wconf 92' lang='lat' dir='ltr'>cum</span> <span class='ocrx_word' id='word_1_96' title='bbox 1055 1438 1178 1505; x_wconf 85' lang='lat' dir='ltr'>Phidia</span> <span class='ocrx_word' id='word_1_97' title='bbox 1199 1439 1275 1524; x_wconf 89' lang='lat' dir='ltr'>Poly·</span> 
     </span>
     <span class='ocr_line' id='line_1_14' title="bbox 142 1544 1271 1631; baseline 0 -20"><span class='ocrx_word' id='word_1_98' title='bbox 142 1547 220 1612; x_wconf 87' lang='lat' dir='ltr'>clito</span> <span class='ocrx_word' id='word_1_99' title='bbox 239 1546 375 1631; x_wconf 88' lang='lat' dir='ltr'>Myrone</span> <span class='ocrx_word' id='word_1_100' title='bbox 395 1546 587 1630; x_wconf 88' lang='lat' dir='ltr'>Pythagora</span> <span class='ocrx_word' id='word_1_101' title='bbox 610 1544 814 1609; x_wconf 89' lang='lat' dir='ltr'>consociatus</span> <span class='ocrx_word' id='word_1_102' title='bbox 839 1546 891 1628; x_wconf 91' lang='lat' dir='ltr'>sit,</span> <span class='ocrx_word' id='word_1_103' title='bbox 915 1563 996 1630; x_wconf 90' lang='lat' dir='ltr'>quos</span> <span class='ocrx_word' id='word_1_104' title='bbox 1020 1567 1159 1629; x_wconf 83' lang='lat' dir='ltr'>prorsus</span> <span class='ocrx_word' id='word_1_105' title='bbox 1182 1545 1271 1611; x_wconf 87' lang='lat' dir='ltr'>eoden</span> 
     </span>
     <span class='ocr_line' id='line_1_15' title="bbox 142 1651 1270 1737; baseline -0.002 -18"><span class='ocrx_word' id='word_1_106' title='bbox 142 1653 253 1719; x_wconf 90' lang='lat' dir='ltr'>ordine</span> <span class='ocrx_word' id='word_1_107' title='bbox 284 1653 459 1718; x_wconf 85' lang='lat' dir='ltr'>collocatos</span> <span class='ocrx_word' id='word_1_108' title='bbox 489 1652 590 1717; x_wconf 88' lang='lat' dir='ltr'>habes</span> <span class='ocrx_word' id='word_1_109' title='bbox 621 1652 655 1714; x_wconf 88' lang='lat' dir='ltr'>in</span> <span class='ocrx_word' id='word_1_110' title='bbox 684 1655 777 1734; x_wconf 89' lang='lat' dir='ltr'>parte</span> <span class='ocrx_word' id='word_1_111' title='bbox 808 1651 1039 1737; x_wconf 88' lang='lat' dir='ltr'>chronologica</span> <span class='ocrx_word' id='word_1_112' title='bbox 1067 1651 1171 1717; x_wconf 91' lang='lat' dir='ltr'>Plinii</span> <span class='ocrx_word' id='word_1_113' title='bbox 1196 1653 1270 1733; x_wconf 76' lang='lat' dir='ltr'>§ll</span> 
     </span>
     <span class='ocr_line' id='line_1_16' title="bbox 143 1756 1270 1843; baseline -0.001 -19"><span class='ocrx_word' id='word_1_114' title='bbox 143 1761 189 1824; x_wconf 88' lang='lat' dir='ltr'>At</span> <span class='ocrx_word' id='word_1_115' title='bbox 212 1782 287 1824; x_wconf 86' lang='lat' dir='ltr'>vero</span> <span class='ocrx_word' id='word_1_116' title='bbox 311 1760 366 1843; x_wconf 90' lang='lat' dir='ltr'>qui</span> <span class='ocrx_word' id='word_1_117' title='bbox 389 1759 468 1823; x_wconf 91' lang='lat' dir='ltr'>item</span> <span class='ocrx_word' id='word_1_118' title='bbox 491 1758 749 1842; x_wconf 88' lang='lat' dir='ltr'>praemittendus</span> <span class='ocrx_word' id='word_1_119' title='bbox 768 1756 915 1842; x_wconf 87' lang='lat' dir='ltr'>Lysippo</span> <span class='ocrx_word' id='word_1_120' title='bbox 938 1757 1010 1836; x_wconf 80' lang='lat' dir='ltr'>fuit,</span> <span class='ocrx_word' id='word_1_121' title='bbox 1033 1756 1218 1824; x_wconf 83' lang='lat' dir='ltr'>Praxiteles</span> <span class='ocrx_word' id='word_1_122' title='bbox 1233 1779 1270 1823; x_wconf 87' lang='lat' dir='ltr'>cur</span> 
     </span>
     <span class='ocr_line' id='line_1_17' title="bbox 143 1863 1272 1949; baseline 0.002 -20"><span class='ocrx_word' id='word_1_123' title='bbox 143 1870 176 1930; x_wconf 92' lang='lat' dir='ltr'>et</span> <span class='ocrx_word' id='word_1_124' title='bbox 203 1865 353 1929; x_wconf 90' lang='lat' dir='ltr'>ultimum</span> <span class='ocrx_word' id='word_1_125' title='bbox 376 1865 482 1928; x_wconf 87' lang='lat' dir='ltr'>locum</span> <span class='ocrx_word' id='word_1_126' title='bbox 506 1885 663 1949; x_wconf 88' lang='lat' dir='ltr'>occupare</span> <span class='ocrx_word' id='word_1_127' title='bbox 688 1869 721 1929; x_wconf 92' lang='lat' dir='ltr'>et</span> <span class='ocrx_word' id='word_1_128' title='bbox 744 1865 814 1928; x_wconf 89' lang='lat' dir='ltr'>sine</span> <span class='ocrx_word' id='word_1_129' title='bbox 838 1863 905 1928; x_wconf 91' lang='lat' dir='ltr'>ullo</span> <span class='ocrx_word' id='word_1_130' title='bbox 930 1864 1012 1929; x_wconf 83' lang='lat' dir='ltr'>artis</span> <span class='ocrx_word' id='word_1_131' title='bbox 1035 1865 1162 1931; x_wconf 87' lang='lat' dir='ltr'>iudicio</span> <span class='ocrx_word' id='word_1_132' title='bbox 1185 1865 1272 1931; x_wconf 77' lang='lat' dir='ltr'>diruis</span> 
     </span>
     <span class='ocr_line' id='line_1_18' title="bbox 143 1970 1273 2057; baseline 0.001 -19"><span class='ocrx_word' id='word_1_133' title='bbox 143 1996 198 2038; x_wconf 89' lang='lat' dir='ltr'>sus</span> <span class='ocrx_word' id='word_1_134' title='bbox 236 1993 305 2035; x_wconf 90' lang='lat' dir='ltr'>esse</span> <span class='ocrx_word' id='word_1_135' title='bbox 337 1970 526 2055; x_wconf 75' lang='lat' dir='ltr'>putabitur?</span> <span class='ocrx_word' id='word_1_136' title='bbox 576 1971 714 2037; x_wconf 90' lang='lat' dir='ltr'>Permiri</span> <span class='ocrx_word' id='word_1_137' title='bbox 751 1994 829 2036; x_wconf 86' lang='lat' dir='ltr'>sane</span> <span class='ocrx_word' id='word_1_138' title='bbox 866 1971 971 2054; x_wconf 89' lang='lat' dir='ltr'>primo</span> <span class='ocrx_word' id='word_1_139' title='bbox 1009 1978 1146 2057; x_wconf 88' lang='lat' dir='ltr'>aspectu</span> <span class='ocrx_word' id='word_1_140' title='bbox 1178 1978 1211 2039; x_wconf 87' lang='lat' dir='ltr'>et</span> <span class='ocrx_word' id='word_1_141' title='bbox 1238 1995 1273 2039; x_wconf 83' lang='lat' dir='ltr'>or</span> 
     </span>
     <span class='ocr_line' id='line_1_19' title="bbox 144 2076 1275 2172; baseline 0.002 -28"><span class='ocrx_word' id='word_1_142' title='bbox 144 2079 228 2144; x_wconf 90' lang='lat' dir='ltr'>dinis</span> <span class='ocrx_word' id='word_1_143' title='bbox 261 2081 294 2142; x_wconf 86' lang='lat' dir='ltr'>et</span> <span class='ocrx_word' id='word_1_144' title='bbox 327 2076 450 2142; x_wconf 87' lang='lat' dir='ltr'>silentii</span> <span class='ocrx_word' id='word_1_145' title='bbox 482 2099 629 2142; x_wconf 87' lang='lat' dir='ltr'>caussam</span> <span class='ocrx_word' id='word_1_146' title='bbox 662 2078 748 2143; x_wconf 87' lang='lat' dir='ltr'>felici</span> <span class='ocrx_word' id='word_1_147' title='bbox 782 2078 929 2144; x_wconf 88' lang='lat' dir='ltr'>acumine</span> <span class='ocrx_word' id='word_1_148' title='bbox 961 2078 1093 2172; x_wconf 78' lang='lat' dir='ltr'>aperuit</span> <span class='ocrx_word' id='word_1_149' title='bbox 1122 2079 1275 2146; x_wconf 77' lang='lat' dir='ltr'>Brunniua</span> 
     </span>
     <span class='ocr_line' id='line_1_20' title="bbox 144 2184 1276 2272; baseline 0 -21"><span class='ocrx_word' id='word_1_150' title='bbox 144 2186 270 2269; x_wconf 82' lang='lat' dir='ltr'>Quippe</span> <span class='ocrx_word' id='word_1_151' title='bbox 302 2184 479 2250; x_wconf 81' lang='lat' dir='ltr'>‘marmore</span> <span class='ocrx_word' id='word_1_152' title='bbox 507 2184 644 2268; x_wconf 80' lang='lat' dir='ltr'>felicior,</span> <span class='ocrx_word' id='word_1_153' title='bbox 676 2185 749 2250; x_wconf 92' lang='lat' dir='ltr'>ideo</span> <span class='ocrx_word' id='word_1_154' title='bbox 778 2188 810 2249; x_wconf 86' lang='lat' dir='ltr'>et</span> <span class='ocrx_word' id='word_1_155' title='bbox 837 2185 956 2250; x_wconf 91' lang='lat' dir='ltr'>clarior</span> <span class='ocrx_word' id='word_1_156' title='bbox 982 2184 1062 2250; x_wconf 85' lang='lat' dir='ltr'>fuit&#39;</span> <span class='ocrx_word' id='word_1_157' title='bbox 1091 2188 1165 2272; x_wconf 87' lang='lat' dir='ltr'>ipso</span> <span class='ocrx_word' id='word_1_158' title='bbox 1192 2186 1276 2253; x_wconf 85' lang='lat' dir='ltr'>iudice</span> 
     </span>
     <span class='ocr_line' id='line_1_21' title="bbox 144 2292 1278 2378; baseline 0 -20"><span class='ocrx_word' id='word_1_159' title='bbox 144 2294 251 2358; x_wconf 91' lang='lat' dir='ltr'>Plinio</span> <span class='ocrx_word' id='word_1_160' title='bbox 281 2293 381 2374; x_wconf 57' lang='lat'>369:</span> <span class='ocrx_word' id='word_1_161' title='bbox 413 2314 477 2377; x_wconf 90' lang='lat' dir='ltr'>quo</span> <span class='ocrx_word' id='word_1_162' title='bbox 505 2293 672 2377; x_wconf 90' lang='lat' dir='ltr'>proprium</span> <span class='ocrx_word' id='word_1_163' title='bbox 704 2293 733 2356; x_wconf 92' lang='lat' dir='ltr'>ei</span> <span class='ocrx_word' id='word_1_164' title='bbox 761 2293 867 2357; x_wconf 91' lang='lat' dir='ltr'>locum</span> <span class='ocrx_word' id='word_1_165' title='bbox 897 2293 930 2356; x_wconf 91' lang='lat' dir='ltr'>in</span> <span class='ocrx_word' id='word_1_166' title='bbox 956 2294 1179 2378; x_wconf 83' lang='lat' dir='ltr'>sculptoribus</span> <span class='ocrx_word' id='word_1_167' title='bbox 1202 2292 1278 2359; x_wconf 81' lang='lat' dir='ltr'>altri</span> 
     </span>
     <span class='ocr_line' id='line_1_22' title="bbox 145 2399 1279 2485; baseline 0.002 -20"><span class='ocrx_word' id='word_1_168' title='bbox 145 2402 247 2466; x_wconf 87' lang='lat' dir='ltr'>bueus</span> <span class='ocrx_word' id='word_1_169' title='bbox 278 2400 358 2464; x_wconf 90' lang='lat' dir='ltr'>satis</span> <span class='ocrx_word' id='word_1_170' title='bbox 390 2399 552 2485; x_wconf 90' lang='lat' dir='ltr'>significat</span> <span class='ocrx_word' id='word_1_171' title='bbox 582 2421 639 2463; x_wconf 93' lang='lat' dir='ltr'>cur</span> <span class='ocrx_word' id='word_1_172' title='bbox 666 2422 686 2463; x_wconf 92' lang='lat' dir='ltr'>a</span> <span class='ocrx_word' id='word_1_173' title='bbox 715 2399 914 2483; x_wconf 89' lang='lat' dir='ltr'>reliquorum</span> <span class='ocrx_word' id='word_1_174' title='bbox 937 2401 1174 2466; x_wconf 86' lang='lat' dir='ltr'>statuariorum</span> <span class='ocrx_word' id='word_1_175' title='bbox 1196 2401 1279 2466; x_wconf 71' lang='lat' dir='ltr'>socie</span> 
     </span>
    </p>
   </div>
   <div class='ocr_carea' id='block_1_3' title="bbox 146 2493 1281 2593">
    <p class='ocr_par' dir='ltr' id='par_1_3' title="bbox 146 2493 1281 2593">
     <span class='ocr_line' id='line_1_23' title="bbox 146 2493 1281 2593; baseline 0 -21"><span class='ocrx_word' id='word_1_176' title='bbox 146 2511 213 2572; x_wconf 89' lang='lat' dir='ltr'>tate</span> <span class='ocrx_word' id='word_1_177' title='bbox 244 2506 450 2571; x_wconf 87' lang='lat' dir='ltr'>Varroniana</span> <span class='ocrx_word' id='word_1_178' title='bbox 486 2511 523 2569; x_wconf 94' lang='lat' dir='ltr'>ut</span> <span class='ocrx_word' id='word_1_179' title='bbox 556 2506 744 2570; x_wconf 87' lang='lat' dir='ltr'>alieniorem</span> <span class='ocrx_word' id='word_1_180' title='bbox 778 2507 961 2570; x_wconf 86' lang='lat' dir='ltr'>seiunxerit.</span> <span class='ocrx_word' id='word_1_181' title='bbox 1016 2493 1113 2593; x_wconf 80' lang='lat' dir='ltr'>Ergo</span> <span class='ocrx_word' id='word_1_182' title='bbox 1141 2508 1281 2574; x_wconf 81' lang='lat' dir='ltr'>iudicium</span> 
     </span>
    </p>
   </div>
   <div class='ocr_carea' id='block_1_4' title="bbox 144 2610 1292 4305">
    <p class='ocr_par' dir='ltr' id='par_1_4' title="bbox 144 2610 1290 3873">
     <span class='ocr_line' id='line_1_24' title="bbox 147 2610 1281 2700; baseline 0 -22"><span class='ocrx_word' id='word_1_183' title='bbox 147 2635 275 2699; x_wconf 89' lang='lat' dir='ltr'>quoque</span> <span class='ocrx_word' id='word_1_184' title='bbox 298 2613 337 2676; x_wconf 89' lang='lat' dir='ltr'>de</span> <span class='ocrx_word' id='word_1_185' title='bbox 361 2612 429 2675; x_wconf 86' lang='lat' dir='ltr'>eius</span> <span class='ocrx_word' id='word_1_186' title='bbox 453 2617 523 2676; x_wconf 89' lang='lat' dir='ltr'>arte</span> <span class='ocrx_word' id='word_1_187' title='bbox 547 2610 732 2676; x_wconf 89' lang='lat' dir='ltr'>aVarrone</span> <span class='ocrx_word' id='word_1_188' title='bbox 756 2613 878 2676; x_wconf 84' lang='lat' dir='ltr'>iactum</span> <span class='ocrx_word' id='word_1_189' title='bbox 901 2613 1078 2696; x_wconf 87' lang='lat' dir='ltr'>posteriori</span> <span class='ocrx_word' id='word_1_190' title='bbox 1097 2616 1137 2679; x_wconf 92' lang='lat' dir='ltr'>de</span> <span class='ocrx_word' id='word_1_191' title='bbox 1156 2616 1281 2700; x_wconf 81' lang='lat' dir='ltr'>sculpto</span> 
     </span>
     <span class='ocr_line' id='line_1_25' title="bbox 144 2718 1284 2801; baseline 0 -17"><span class='ocrx_word' id='word_1_192' title='bbox 144 2721 234 2785; x_wconf 89' lang='lat' dir='ltr'>ribus</span> <span class='ocrx_word' id='word_1_193' title='bbox 264 2718 478 2801; x_wconf 85' lang='lat' dir='ltr'>disputationi</span> <span class='ocrx_word' id='word_1_194' title='bbox 507 2741 704 2801; x_wconf 89' lang='lat' dir='ltr'>reservasse,</span> <span class='ocrx_word' id='word_1_195' title='bbox 733 2741 770 2783; x_wconf 93' lang='lat' dir='ltr'>eo</span> <span class='ocrx_word' id='word_1_196' title='bbox 795 2724 904 2783; x_wconf 87' lang='lat' dir='ltr'>autem</span> <span class='ocrx_word' id='word_1_197' title='bbox 928 2720 1001 2784; x_wconf 92' lang='lat' dir='ltr'>loco</span> <span class='ocrx_word' id='word_1_198' title='bbox 1024 2720 1200 2787; x_wconf 87' lang='lat' dir='ltr'>immemor</span> <span class='ocrx_word' id='word_1_199' title='bbox 1221 2742 1284 2786; x_wconf 85' lang='lat' dir='ltr'>con·</span> 
     </span>
     <span class='ocr_line' id='line_1_26' title="bbox 145 2824 1285 2909; baseline 0.002 -19"><span class='ocrx_word' id='word_1_200' title='bbox 145 2827 210 2891; x_wconf 87' lang='lat' dir='ltr'>silii</span> <span class='ocrx_word' id='word_1_201' title='bbox 233 2824 454 2909; x_wconf 90' lang='lat' dir='ltr'>imprudenter</span> <span class='ocrx_word' id='word_1_202' title='bbox 478 2825 626 2889; x_wconf 90' lang='lat' dir='ltr'>omisisse</span> <span class='ocrx_word' id='word_1_203' title='bbox 650 2826 784 2890; x_wconf 88' lang='lat' dir='ltr'>videtur.</span> <span class='ocrx_word' id='word_1_204' title='bbox 827 2826 916 2902; x_wconf 80' lang='lat' dir='ltr'>Quae</span> <span class='ocrx_word' id='word_1_205' title='bbox 941 2830 1049 2891; x_wconf 88' lang='lat' dir='ltr'>autern</span> <span class='ocrx_word' id='word_1_206' title='bbox 1073 2828 1162 2893; x_wconf 88' lang='lat' dir='ltr'>ratio</span> <span class='ocrx_word' id='word_1_207' title='bbox 1185 2832 1285 2894; x_wconf 76' lang='lat' dir='ltr'>contra</span> 
     </span>
     <span class='ocr_line' id='line_1_27' title="bbox 145 2930 1286 3020; baseline 0.003 -24"><span class='ocrx_word' id='word_1_208' title='bbox 145 2932 338 2996; x_wconf 82' lang='lat' dir='ltr'>Praxitelem</span> <span class='ocrx_word' id='word_1_209' title='bbox 362 2931 447 3014; x_wconf 90' lang='lat' dir='ltr'>apud</span> <span class='ocrx_word' id='word_1_210' title='bbox 469 2930 621 3013; x_wconf 89' lang='lat' dir='ltr'>Plinium,</span> <span class='ocrx_word' id='word_1_211' title='bbox 645 2931 756 2995; x_wconf 87' lang='lat' dir='ltr'>eadem</span> <span class='ocrx_word' id='word_1_212' title='bbox 781 2934 864 3016; x_wconf 89' lang='lat' dir='ltr'>apud</span> <span class='ocrx_word' id='word_1_213' title='bbox 889 2934 995 3017; x_wconf 89' lang='lat' dir='ltr'>ipsum</span> <span class='ocrx_word' id='word_1_214' title='bbox 1015 2932 1209 3020; x_wconf 86' lang='lat' dir='ltr'>Varronem,</span> <span class='ocrx_word' id='word_1_215' title='bbox 1230 2935 1286 3001; x_wconf 84' lang='lat' dir='ltr'>nisi</span> 
     </span>
     <span class='ocr_line' id='line_1_28' title="bbox 146 3037 1287 3122; baseline 0.003 -17"><span class='ocrx_word' id='word_1_216' title='bbox 146 3041 333 3105; x_wconf 87' lang='lat' dir='ltr'>coniectura</span> <span class='ocrx_word' id='word_1_217' title='bbox 354 3037 451 3120; x_wconf 90' lang='lat' dir='ltr'>fallit,</span> <span class='ocrx_word' id='word_1_218' title='bbox 475 3042 588 3103; x_wconf 88' lang='lat' dir='ltr'>contra</span> <span class='ocrx_word' id='word_1_219' title='bbox 603 3037 741 3122; x_wconf 83' lang='lat' dir='ltr'>Scopam</span> <span class='ocrx_word' id='word_1_220' title='bbox 766 3040 877 3102; x_wconf 90' lang='lat' dir='ltr'>valuit.</span> <span class='ocrx_word' id='word_1_221' title='bbox 915 3038 974 3104; x_wconf 84' lang='lat' dir='ltr'>Cui</span> <span class='ocrx_word' id='word_1_222' title='bbox 1000 3062 1079 3106; x_wconf 89' lang='lat' dir='ltr'>suus</span> <span class='ocrx_word' id='word_1_223' title='bbox 1098 3041 1191 3107; x_wconf 90' lang='lat' dir='ltr'>locus</span> <span class='ocrx_word' id='word_1_224' title='bbox 1210 3047 1287 3108; x_wconf 77' lang='lat' dir='ltr'>recte</span> 
     </span>
     <span class='ocr_line' id='line_1_29' title="bbox 146 3145 1286 3230; baseline 0.003 -19"><span class='ocrx_word' id='word_1_225' title='bbox 146 3148 179 3211; x_wconf 91' lang='lat' dir='ltr'>in</span> <span class='ocrx_word' id='word_1_226' title='bbox 211 3148 411 3230; x_wconf 88' lang='lat' dir='ltr'>sculptorum</span> <span class='ocrx_word' id='word_1_227' title='bbox 434 3145 635 3211; x_wconf 89' lang='lat' dir='ltr'>hebdomade</span> <span class='ocrx_word' id='word_1_228' title='bbox 659 3146 735 3229; x_wconf 89' lang='lat' dir='ltr'>fuit,</span> <span class='ocrx_word' id='word_1_229' title='bbox 767 3145 924 3230; x_wconf 89' lang='lat' dir='ltr'>siquidem</span> <span class='ocrx_word' id='word_1_230' title='bbox 948 3168 1013 3211; x_wconf 90' lang='lat' dir='ltr'>uno</span> <span class='ocrx_word' id='word_1_231' title='bbox 1036 3148 1173 3214; x_wconf 86' lang='lat' dir='ltr'>tandem</span> <span class='ocrx_word' id='word_1_232' title='bbox 1196 3171 1286 3214; x_wconf 87' lang='lat' dir='ltr'>aeneo</span> 
     </span>
     <span class='ocr_line' id='line_1_30' title="bbox 147 3253 1289 3338; baseline 0.003 -19"><span class='ocrx_word' id='word_1_233' title='bbox 147 3277 242 3338; x_wconf 87' lang='lat' dir='ltr'>opere</span> <span class='ocrx_word' id='word_1_234' title='bbox 267 3254 442 3318; x_wconf 89' lang='lat' dir='ltr'>statuarius</span> <span class='ocrx_word' id='word_1_235' title='bbox 466 3254 517 3318; x_wconf 89' lang='lat' dir='ltr'>rel</span> <span class='ocrx_word' id='word_1_236' title='bbox 542 3253 685 3318; x_wconf 87' lang='lat' dir='ltr'>innotuit</span> <span class='ocrx_word' id='word_1_237' title='bbox 708 3253 758 3317; x_wconf 87' lang='lat' dir='ltr'>rel</span> <span class='ocrx_word' id='word_1_238' title='bbox 778 3253 947 3318; x_wconf 85' lang='lat' dir='ltr'>inclaruit:</span> <span class='ocrx_word' id='word_1_239' title='bbox 971 3255 1076 3337; x_wconf 91' lang='lat' dir='ltr'>quode</span> <span class='ocrx_word' id='word_1_240' title='bbox 1095 3255 1130 3320; x_wconf 91' lang='lat' dir='ltr'>in</span> <span class='ocrx_word' id='word_1_241' title='bbox 1148 3255 1289 3322; x_wconf 75' lang='lat' dir='ltr'>Historia</span> 
     </span>
     <span class='ocr_line' id='line_1_31' title="bbox 147 3360 1289 3449; baseline 0.003 -24"><span class='ocrx_word' id='word_1_242' title='bbox 147 3362 306 3425; x_wconf 88' lang='lat' dir='ltr'>artificum</span> <span class='ocrx_word' id='word_1_243' title='bbox 339 3361 401 3425; x_wconf 89' lang='lat' dir='ltr'>vol.</span> <span class='ocrx_word' id='word_1_244' title='bbox 430 3361 443 3424; x_wconf 93' lang='lat' dir='ltr'>l</span> <span class='ocrx_word' id='word_1_245' title='bbox 477 3384 507 3443; x_wconf 92' lang='lat' dir='ltr'>p.</span> <span class='ocrx_word' id='word_1_246' title='bbox 536 3361 601 3425; x_wconf 78' lang='lat'>325</span> <span class='ocrx_word' id='word_1_247' title='bbox 635 3360 715 3425; x_wconf 84' lang='lat' dir='ltr'>dixit</span> <span class='ocrx_word' id='word_1_248' title='bbox 748 3360 921 3426; x_wconf 87' lang='lat' dir='ltr'>Brunnius.</span> <span class='ocrx_word' id='word_1_249' title='bbox 950 3399 992 3406; x_wconf 87' lang='lat'>--</span> <span class='ocrx_word' id='word_1_250' title='bbox 1023 3361 1085 3426; x_wconf 91' lang='lat' dir='ltr'>His</span> <span class='ocrx_word' id='word_1_251' title='bbox 1116 3362 1220 3449; x_wconf 84' lang='lat' dir='ltr'>igitur</span> <span class='ocrx_word' id='word_1_252' title='bbox 1248 3364 1289 3428; x_wconf 86' lang='lat' dir='ltr'>sic</span> 
     </span>
     <span class='ocr_line' id='line_1_32' title="bbox 147 3466 1290 3556; baseline 0.004 -25"><span class='ocrx_word' id='word_1_253' title='bbox 147 3466 322 3550; x_wconf 90' lang='lat' dir='ltr'>disputatis</span> <span class='ocrx_word' id='word_1_254' title='bbox 345 3467 427 3531; x_wconf 92' lang='lat' dir='ltr'>nihil</span> <span class='ocrx_word' id='word_1_255' title='bbox 452 3467 517 3530; x_wconf 91' lang='lat' dir='ltr'>iam</span> <span class='ocrx_word' id='word_1_256' title='bbox 541 3467 706 3551; x_wconf 82' lang='lat' dir='ltr'>impedit,¹</span> <span class='ocrx_word' id='word_1_257' title='bbox 722 3468 894 3552; x_wconf 90' lang='lat' dir='ltr'>quominus</span> <span class='ocrx_word' id='word_1_258' title='bbox 919 3469 1097 3534; x_wconf 87' lang='lat' dir='ltr'>statuariae</span> <span class='ocrx_word' id='word_1_259' title='bbox 1121 3472 1203 3536; x_wconf 85' lang='lat' dir='ltr'>artis</span> <span class='ocrx_word' id='word_1_260' title='bbox 1225 3493 1290 3556; x_wconf 81' lang='lat' dir='ltr'>pro</span> 
     </span>
     <span class='ocr_line' id='line_1_33' title="bbox 148 3572 1290 3657; baseline 0.002 -19"><span class='ocrx_word' id='word_1_261' title='bbox 148 3596 235 3638; x_wconf 89' lang='lat' dir='ltr'>ceres</span> <span class='ocrx_word' id='word_1_262' title='bbox 255 3572 360 3637; x_wconf 87' lang='lat' dir='ltr'>Varro</span> <span class='ocrx_word' id='word_1_263' title='bbox 383 3573 445 3638; x_wconf 88' lang='lat' dir='ltr'>hoc</span> <span class='ocrx_word' id='word_1_264' title='bbox 470 3572 580 3637; x_wconf 90' lang='lat' dir='ltr'>ordine</span> <span class='ocrx_word' id='word_1_265' title='bbox 605 3577 637 3638; x_wconf 89' lang='lat' dir='ltr'>et</span> <span class='ocrx_word' id='word_1_266' title='bbox 656 3574 862 3657; x_wconf 87' lang='lat' dir='ltr'>descripsisse</span> <span class='ocrx_word' id='word_1_267' title='bbox 881 3579 915 3640; x_wconf 88' lang='lat' dir='ltr'>et</span> <span class='ocrx_word' id='word_1_268' title='bbox 933 3575 1113 3641; x_wconf 87' lang='lat' dir='ltr'>delineasse</span> <span class='ocrx_word' id='word_1_269' title='bbox 1134 3579 1290 3644; x_wconf 82' lang='lat' dir='ltr'>credatur:</span> 
     </span>
     <span class='ocr_line' id='line_1_34' title="bbox 148 3679 1290 3769; baseline 0.004 -25"><span class='ocrx_word' id='word_1_270' title='bbox 148 3679 338 3764; x_wconf 77' lang='lat' dir='ltr'>Phidiam,</span> <span class='ocrx_word' id='word_1_271' title='bbox 368 3680 620 3765; x_wconf 87' lang='lat' dir='ltr'>Polyclitum,</span> <span class='ocrx_word' id='word_1_272' title='bbox 644 3680 856 3766; x_wconf 90' lang='lat' dir='ltr'>Myronem,</span> <span class='ocrx_word' id='word_1_273' title='bbox 885 3683 1165 3769; x_wconf 88' lang='lat' dir='ltr'>Pythagoram,</span> <span class='ocrx_word' id='word_1_274' title='bbox 1189 3683 1290 3749; x_wconf 81' lang='lat' dir='ltr'>Tele·</span> 
     </span>
     <span class='ocr_line' id='line_1_35' title="bbox 147 3787 840 3873; baseline 0.003 -23"><span class='ocrx_word' id='word_1_275' title='bbox 147 3787 324 3872; x_wconf 90' lang='lat' dir='ltr'>phanem,</span> <span class='ocrx_word' id='word_1_276' title='bbox 347 3787 601 3868; x_wconf 89' lang='lat' dir='ltr'>Praxitelem,</span> <span class='ocrx_word' id='word_1_277' title='bbox 624 3787 840 3873; x_wconf 88' lang='lat' dir='ltr'>Lysippum.</span> 
     </span>
    </p>

    <p class='ocr_par' dir='ltr' id='par_1_5' title="bbox 148 3893 1292 4305">
     <span class='ocr_line' id='line_1_36' title="bbox 237 3893 1290 3980; baseline 0.007 -23"><span class='ocrx_word' id='word_1_278' title='bbox 237 3893 325 3958; x_wconf 89' lang='lat' dir='ltr'>Haec</span> <span class='ocrx_word' id='word_1_279' title='bbox 350 3899 425 3959; x_wconf 88' lang='lat' dir='ltr'>sunt</span> <span class='ocrx_word' id='word_1_280' title='bbox 448 3916 530 3979; x_wconf 89' lang='lat' dir='ltr'>quae</span> <span class='ocrx_word' id='word_1_281' title='bbox 553 3893 592 3958; x_wconf 91' lang='lat' dir='ltr'>de</span> <span class='ocrx_word' id='word_1_282' title='bbox 615 3899 806 3979; x_wconf 89' lang='lat' dir='ltr'>argumento</span> <span class='ocrx_word' id='word_1_283' title='bbox 826 3902 859 3960; x_wconf 90' lang='lat' dir='ltr'>et</span> <span class='ocrx_word' id='word_1_284' title='bbox 878 3898 1094 3980; x_wconf 89' lang='lat' dir='ltr'>dispositione</span> <span class='ocrx_word' id='word_1_285' title='bbox 1112 3897 1290 3964; x_wconf 72' lang='lat' dir='ltr'>Hebdomu</span> 
     </span>
     <span class='ocr_line' id='line_1_37' title="bbox 149 4001 1292 4090; baseline 0.003 -26"><span class='ocrx_word' id='word_1_286' title='bbox 149 4001 223 4065; x_wconf 89' lang='lat' dir='ltr'>dum</span> <span class='ocrx_word' id='word_1_287' title='bbox 255 4001 306 4065; x_wconf 87' lang='lat' dir='ltr'>vel</span> <span class='ocrx_word' id='word_1_288' title='bbox 338 4003 412 4066; x_wconf 90' lang='lat' dir='ltr'>sciri</span> <span class='ocrx_word' id='word_1_289' title='bbox 443 4003 492 4066; x_wconf 84' lang='lat' dir='ltr'>vel</span> <span class='ocrx_word' id='word_1_290' title='bbox 522 4025 594 4066; x_wconf 89' lang='lat' dir='ltr'>oum</span> <span class='ocrx_word' id='word_1_291' title='bbox 623 4001 732 4085; x_wconf 87' lang='lat' dir='ltr'>aliqua</span> <span class='ocrx_word' id='word_1_292' title='bbox 761 4004 993 4087; x_wconf 88' lang='lat' dir='ltr'>probabilitate</span> <span class='ocrx_word' id='word_1_293' title='bbox 1018 4005 1121 4070; x_wconf 87' lang='lat' dir='ltr'>conici</span> <span class='ocrx_word' id='word_1_294' title='bbox 1147 4011 1292 4090; x_wconf 79' lang='lat' dir='ltr'>possunt:</span> 
     </span>
     <span class='ocr_line' id='line_1_38' title="bbox 148 4108 1292 4194; baseline 0.005 -22"><span class='ocrx_word' id='word_1_295' title='bbox 148 4112 256 4172; x_wconf 88' lang='lat' dir='ltr'>cetera</span> <span class='ocrx_word' id='word_1_296' title='bbox 279 4108 330 4171; x_wconf 87' lang='lat' dir='ltr'>rel</span> <span class='ocrx_word' id='word_1_297' title='bbox 354 4109 491 4172; x_wconf 88' lang='lat' dir='ltr'>obseura</span> <span class='ocrx_word' id='word_1_298' title='bbox 515 4110 565 4173; x_wconf 91' lang='lat' dir='ltr'>vel</span> <span class='ocrx_word' id='word_1_299' title='bbox 589 4109 744 4194; x_wconf 89' lang='lat' dir='ltr'>ambigua</span> <span class='ocrx_word' id='word_1_300' title='bbox 767 4111 883 4175; x_wconf 89' lang='lat' dir='ltr'>omnia.</span> <span class='ocrx_word' id='word_1_301' title='bbox 929 4110 1020 4176; x_wconf 88' lang='lat' dir='ltr'>Inter</span> <span class='ocrx_word' id='word_1_302' title='bbox 1041 4112 1164 4177; x_wconf 88' lang='lat' dir='ltr'>librum</span> <span class='ocrx_word' id='word_1_303' title='bbox 1189 4135 1292 4178; x_wconf 69' lang='lat' dir='ltr'>secem-</span> 
     </span>
     <span class='ocr_line' id='line_1_39' title="bbox 148 4216 1291 4305; baseline 0.003 -25"><span class='ocrx_word' id='word_1_304' title='bbox 148 4216 238 4300; x_wconf 91' lang='lat' dir='ltr'>dum,</span> <span class='ocrx_word' id='word_1_305' title='bbox 269 4237 331 4300; x_wconf 91' lang='lat' dir='ltr'>quo</span> <span class='ocrx_word' id='word_1_306' title='bbox 359 4220 489 4300; x_wconf 90' lang='lat' dir='ltr'>poetae,</span> <span class='ocrx_word' id='word_1_307' title='bbox 520 4220 553 4281; x_wconf 90' lang='lat' dir='ltr'>et</span> <span class='ocrx_word' id='word_1_308' title='bbox 579 4222 616 4280; x_wconf 87' lang='lat' dir='ltr'>ut</span> <span class='ocrx_word' id='word_1_309' title='bbox 644 4220 797 4301; x_wconf 86' lang='lat' dir='ltr'>putamus</span> <span class='ocrx_word' id='word_1_310' title='bbox 822 4218 885 4282; x_wconf 93' lang='lat' dir='ltr'>soli</span> <span class='ocrx_word' id='word_1_311' title='bbox 908 4225 1024 4303; x_wconf 89' lang='lat' dir='ltr'>poetae</span> <span class='ocrx_word' id='word_1_312' title='bbox 1047 4219 1291 4305; x_wconf 78' lang='lat' dir='ltr'>comprehende-</span> 
     </span>
    </p>
   </div>
   <div class='ocr_carea' id='block_1_5' title="bbox 0 0 1486 5026">
    <p class='ocr_par' dir='ltr' id='par_1_6' title="bbox 0 0 1486 5026">
     <span class='ocr_line' id='line_1_40' title="bbox 0 0 1486 5026; baseline 0 0"><span class='ocrx_word' id='word_1_313' title='bbox 0 0 1486 5026; x_wconf 95' lang='lat' dir='ltr'> </span> 
     </span>
    </p>
   </div>
  </div>
 </body>
</html>
