2956 5018
477 352 555 399 svvn
578 350 826 401 nsnnonsnvn
850 352 955 400 uram.
1227 332 1292 395 539

143 496 196 560 vel
211 494 338 560 Plinius
357 494 526 560 consilium
550 498 679 560 secutus
698 498 755 579 est,
779 495 805 559 si
829 494 1040 560 nihilominus
1063 493 1197 558 notitiae
1212 491 1292 556 Var-

142 602 303 669 ronianae
330 602 453 687 species
481 603 638 686 quaedam
667 602 799 686 residet,
822 603 854 666 id
878 606 971 666 tanto
995 601 1112 665 certius
1135 600 1292 665 librorum

141 710 215 776 eius
249 710 482 774 advocatorum
515 709 737 773 testimonium
768 709 957 773 tenebimus.
1014 707 1120 790 Atque
1152 706 1290 789 primum

142 818 250 903 ipsius
272 816 431 882 Varronis
459 814 565 902 (cuius
593 816 782 881 memoriam
810 816 997 900 frequentat
1026 813 1099 877 aliis
1127 812 1220 894 locis,
1253 811 1293 874 cl.

142 925 211 991 ind.
225 919 374 1007 Gesner.)
397 921 594 986 mentionem
619 921 775 987 habemus
799 923 885 987 dicto
909 922 977 986 eius
996 920 1167 986 notissimo
1191 919 1293 982 allato

144 1030 248 1111 §902
286 1026 412 1092 ‘Musas
440 1026 590 1091 Plautino
622 1049 766 1093 sermone
797 1030 960 1093 locuturas
990 1027 1102 1108 fuisse,
1136 1026 1164 1089 si
1194 1024 1293 1088 latine

144 1136 232 1221 loqui
258 1133 398 1199 vellent?
443 1133 566 1198 Deinde
595 1135 727 1199 nomina
757 1137 882 1219 eadem,
915 1158 995 1221 quac
1023 1136 1057 1199 in
1080 1133 1293 1198 Varronianis

144 1241 404 1308 hebdomadibus
434 1226 596 1304 illustrata
625 1240 725 1305 fuisse
755 1242 881 1306 aliunde
915 1243 1080 1326 cognitum
1113 1245 1175 1321 est,
1208 1240 1290 1324 apud

145 1348 403 1426 Quinctilianum
434 1346 582 1428 redeunt,
615 1352 772 1431 quatenus
805 1349 911 1431 operis
944 1351 1061 1412 natura
1089 1347 1292 1424 admittebat,

146 1459 276 1520 tantum
310 1475 376 1517 non
408 1453 568 1537 omnia*).
619 1453 784 1518 Habemus
812 1455 1002 1536 Homerum,
1033 1478 1052 1518 a
1080 1476 1143 1538 quo
1172 1453 1293 1535 pariter

146 1566 246 1647 atque
261 1559 367 1624 Varro
390 1564 427 1623 ut
449 1583 469 1624 a
491 1559 566 1625 Iove
590 1561 754 1626 exordium
778 1563 865 1645 capit
888 1564 974 1645 ι846,
997 1584 1093 1647 quem
1112 1559 1221 1624 statim
1241 1581 1291 1622 ex·

146 1670 227 1753 cipit
260 1670 281 1748 5
310 1666 353 1731 52
382 1664 555 1752 Hesiodus3
589 1667 746 1732 habemus
780 1667 979 1733 Demetrium
1013 1668 1184 1747 Phalerea,
1216 1666 1293 1729 lieet

147 1774 376 1840 versicolorem
407 1773 474 1838 eius
506 1778 627 1840 vestem
659 1798 725 1839 non
755 1777 835 1839 bene
867 1776 906 1840 ad
937 1776 1098 1841 forensem
1129 1776 1291 1860 pulverem

147 1884 252 1947 lacere
286 1880 374 1961 §33
407 1881 581 1964 monuerit,
614 1885 724 1945 tamen
757 1883 841 1946 inter
873 1886 1018 1948 oratores
1055 1883 1127 1947 aliis
1164 1880 1293 1945 omissis

145 1992 434 2055 commemoratum
455 1988 547 2068 §802
572 1986 779 2071 ‘quinetiam
800 1988 957 2053 Phalerea
975 1990 1064 2053 illuni
1085 1988 1293 2068 Demetrium,

146 2115 346 2179 quamquam
369 2093 398 2156 is
421 2097 545 2176 primus
568 2093 742 2157 inclinasse
766 2095 982 2179 eloquentiam
1006 2095 1132 2178 dieitur,
1155 2094 1293 2157 multum

144 2201 270 2285 ingenii
302 2199 457 2263 habuisse
487 2203 520 2263 et
550 2199 720 2264 facundiae
751 2201 869 2285 fateor,
901 2202 951 2266 vel
978 2202 1021 2266 ob
1048 2201 1110 2266 hoc
1139 2201 1294 2266 memoria

145 2306 293 2391 dignum,
310 2306 396 2390 quod
412 2306 545 2370 ultimus
560 2310 611 2370 est
628 2307 694 2371 fere
714 2329 751 2371 ex
768 2308 885 2372 Atticis
902 2309 956 2393 qui
971 2308 1034 2373 dici
1049 2309 1152 2392 possit
1171 2311 1293 2393 orator3
1309 2328 1333 2367 ra

146 2434 243 2497 quem
271 2415 384 2477 tamen
411 2412 443 2476 in
474 2413 532 2476 illo
559 2413 665 2477 medio
688 2434 806 2497 genere
831 2415 955 2480 dicendi
979 2415 1121 2498 praefert
1144 2414 1294 2479 omnibus

146 2516 288 2601 Cicero',
321 2518 479 2583 habemus
512 2519 666 2602 denique,
699 2542 739 2584 ne
770 2521 877 2584 minus
908 2526 997 2584 certa
1027 2519 1294 2603 praetermittam,

146 2626 338 2709 Euripidem
363 2628 383 2705 ξ
406 2626 458 2708 67,
481 2625 572 2689 cuius
596 2627 787 2690 memoriam
811 2650 830 2690 a
854 2627 957 2690 (tellio
982 2626 1084 2709 XVll,
1107 2631 1128 2690 4
1152 2628 1294 2691 nomina-

145 2735 206 2798 tim
235 2756 274 2797 ex
302 2731 449 2796 Varrone
477 2731 640 2815 proditam
669 2733 867 2797 llitschelius
896 2733 990 2818 (Mus.
1012 2732 1070 2798 lth.
1090 2734 1136 2797 Vl
1160 2757 1190 2818 p.
1214 2733 1294 2817 514)

145 2840 299 2924 inprimis
328 2837 584 2902 hebdomadibus
614 2837 713 2902 tribui
743 2840 838 2921 posse
868 2840 1135 2922 pronuntiaverit.
1181 2838 1293 2924 Neque

146 2945 323 3030 septenarii
356 2945 481 3010 numeri
519 2944 637 3009 indicia
670 2945 826 3027 quaedam
869 2946 903 3009 in
940 2945 1064 3030 aliquot
1100 2947 1293 3029 scriptorum

146 3052 309 3117 classibus
334 3074 398 3115 non
423 3054 588 3134 apparent.
635 3051 688 3116 Sic
711 3053 873 3135 epicorum
898 3053 918 3116 i.
933 3075 958 3116 c.
983 3077 1094 3118 eorum
1118 3055 1172 3138 qni
1197 3053 1292 3118 hexa-

147 3165 251 3223 metro
273 3180 369 3221 versn
388 3158 437 3222 usi
457 3162 541 3240 sunt,
561 3162 688 3241 praeter
703 3158 890 3241 Homerum,
910 3182 1004 3243 quem
1024 3161 1191 3244 isagogico
1211 3160 1294 3224 libro

147 3266 398 3347 reservavimus,
430 3265 606 3329 hebdomas
640 3266 747 3349 prodit
780 3268 800 3345 ἕ
828 3268 885 3330 52:
923 3267 1096 3347 Hesiodus,
1129 3266 1295 3350 Panyasis,

148 3373 356 3457 Apollonius,
369 3372 502 3452 Aratus,
516 3370 715 3454 Theocritus,
740 3372 903 3455 Pisander,
926 3370 1097 3454 Nicander,
1121 3373 1147 3435 si
1163 3371 1294 3453 Eupho-

147 3480 289 3567 rionem,
307 3483 442 3563 propter
475 3477 606 3563 Virgilii
646 3478 862 3542 imitationem
896 3478 937 3542 ab
969 3479 1040 3560 ipso
1074 3476 1293 3553 Quinctiliano

147 3584 312 3649 adiectum
336 3590 440 3667 putes.
481 3583 604 3647 ltnrsus
629 3582 859 3648 historicorum
883 3581 1117 3647 hebdomadem
1142 3584 1294 3667 proponit

147 3690 265 3770 hanc§
282 3692 338 3755 73:
357 3690 585 3773 Thucydidem,
605 3688 816 3773 Herodotum,
836 3690 1092 3774 Theopompum,
1111 3691 1294 3772 Philistum,

146 3797 332 3882 Ephorum,
360 3795 574 3878 Clitarchunr,
601 3794 825 3880 Timagenem,
858 3799 890 3861 in
920 3797 1036 3881 quibus
1064 3820 1104 3860 ne
1132 3797 1293 3862 desideres

146 3901 407 3986 Xenophontem,
427 3901 465 3966 de
484 3900 642 3964 industria
662 3901 731 3985 ipsc
750 3902 852 3967 addit:
876 3902 1071 3986 ‘Xenophon
1091 3925 1156 3966 non
1176 3904 1294 3967 excidit

147 4009 243 4091 mihi,
275 4008 331 4073 scd
363 4007 448 4071 inter
477 4006 690 4091 philosophos
721 4008 900 4074 reddendus
933 4009 1007 4074 est'.
1058 4009 1108 4073 Er
1138 4011 1294 4075 Romanis

147 4116 337 4181 auctoribus
361 4118 381 4195 ξ
406 4114 449 4178 85
463 4136 509 4198 sq.
534 4119 657 4197 septem
681 4115 762 4198 epici
787 4121 902 4198 poetae
930 4121 1161 4181 memorantur:
1186 4115 1293 4200 Virgi-

147 4223 213 4287 lius
238 4244 310 4287 cum
334 4220 477 4286 Homero
501 4221 649 4304 collatus,
673 4221 791 4304 Macer,
814 4222 991 4306 Lucretius,
1005 4222 1111 4288 Varro
1127 4223 1293 4304 Atacinus,

240 4448 266 4515 ⁸)
288 4449 375 4504 Deest
392 4467 463 4504 unus
482 4449 671 4520 Pythagoras,
690 4467 773 4517 quem
792 4452 1017 4520 praetermissum
1037 4468 1119 4506 nemo
1137 4449 1292 4505 mirabitur.
