2932 5026
100 272 101 276 Ἰ
191 294 256 358 252
578 310 613 355 in
637 308 748 355 vrrnn
773 307 941 354 ranannu

190 454 328 538 rentius,
350 477 416 519 non
439 453 547 538 potnit
569 452 632 517 nisi
656 451 695 517 de
718 451 839 516 talibus
863 451 1070 536 potissimum
1094 452 1252 538 cogitare,
1274 454 1330 518 sal·

190 564 256 625 tem
288 565 418 646 praeter
444 559 591 624 Laelium
620 556 881 642 Scipionemque,
911 558 1021 642 quales
1052 558 1193 643 exempli
1223 581 1332 624 caussa

191 666 309 732 Santra
332 665 516 752 designavit
534 664 724 750 Sulpicium,
746 664 940 743 Labeonem,
964 663 1192 750 Popillium*):
1215 669 1249 729 et
1266 670 1332 730 tan·

189 777 259 838 tum
289 773 462 839 ‘manime
484 795 553 838 cnm
576 772 717 854 Scipione
740 772 945 866 Afm'cunoet
966 770 999 838 O.
1023 771 1154 857 laelio’,
1182 773 1239 837 sed
1263 796 1334 838 eun·

189 882 262 946 dem
286 880 367 946 ‘crem
389 882 518 946 meltis
536 880 688 946 nobilibus
703 879 907 960 familiariter
923 878 1051 945 rieee’
1070 880 1142 964 ipse
1161 877 1335 946 Suetonius

191 988 273 1052 dixit
295 1012 325 1073 p.
341 987 415 1072 205,
431 988 460 1052 7.
492 970 552 1051 'Vt
575 986 609 1051 in
632 985 694 1050 hoc
716 986 883 1051 meliorem
907 1008 942 1050 se
960 986 1102 1051 Terentii
1126 985 1336 1071 interpretem

64 1119 71 1133 ·
189 1093 308 1159 Santra
341 1117 438 1179 quam
465 1094 516 1158 vel
545 1091 717 1158 Suetonius
746 1093 796 1157 vel
824 1092 909 1157 buno
937 1097 1066 1158 secutus
1090 1092 1241 1159 Donatus
1268 1115 1336 1179 ges·

190 1202 280 1266 serit:
305 1223 441 1286 quorum
464 1200 518 1267 hie
542 1200 588 1265 ‘in
611 1197 697 1265 bello'
721 1199 820 1263 verba
843 1203 989 1283 spectare
1013 1200 1053 1265 ad
1070 1199 1269 1286 Scipionem,
1291 1200 1336 1266 ‘ia

189 1306 261 1373 otio’
292 1308 331 1373 ad
360 1307 492 1373 Furium
515 1307 659 1391 Philum,
690 1305 737 1371 ‘in
759 1304 888 1388 eeqocio’
918 1306 958 1370 ad
983 1306 1127 1371 Laelium
1150 1304 1337 1391 Sapientem

190 1419 359 1501 argutatus
383 1418 440 1479 est.
479 1415 682 1498 Quamquam
704 1435 772 1477 rem
791 1413 896 1496 ipsam
914 1434 980 1477 non
998 1413 1197 1479 intercedam
1216 1413 1247 1478 si
1266 1413 1336 1497 quis

190 1522 289 1587 menti
319 1543 396 1586 suae
421 1522 466 1586 sic
491 1521 659 1603 informet,
687 1524 722 1584 ut
746 1519 828 1585 ‘non
852 1519 989 1585 obscura
1013 1518 1117 1584 fama’
1139 1521 1206 1586 ista
1228 1543 1339 1586 revera

190 1628 230 1692 ad
245 1627 391 1692 Laelium
407 1624 653 1710 Scipionemque
673 1626 879 1709 potissimum
899 1630 1063 1710 spectasse
1080 1648 1140 1692 nee
1159 1630 1197 1692 ut
1213 1627 1339 1693 videtur

190 1735 258 1799 sine
275 1735 402 1799 ratione
420 1735 582 1816 spectasse
596 1736 738 1815 putetur,
753 1732 793 1796 ab
808 1730 860 1796 his
878 1736 995 1814 autem,
1012 1731 1223 1800 dissimulans
1238 1734 1337 1799 animi

71 1899 74 1903 .
189 1841 393 1922 sententiam,
418 1838 630 1924 suspitionem
647 1837 817 1903 Terentius
837 1839 987 1905 consulto
1007 1839 1048 1904 ad
1067 1840 1150 1905 alios
1170 1841 1338 1906 deflectere

189 1947 345 2032 credatur,
364 1947 446 2011 tales
467 1946 596 2031 quidem
616 1969 635 2010 a
656 1969 792 2031 quorum
814 1947 1007 2012 auctoritate
1029 1951 1062 2011 et
1080 1947 1189 2033 gratia
1207 1947 1338 2032 publica

188 2054 370 2139 promptior
388 2053 451 2138 ipsi
472 2053 567 2118 venia
584 2057 618 2118 et
636 2053 743 2139 gratia
763 2057 956 2137 suppeteret.
987 2053 1033 2118 Et
1050 2053 1190 2119 fortasse
1203 2055 1254 2120 ita
1268 2077 1337 2120 sen·

188 2162 272 2227 tiens
287 2158 461 2228 Suetonius
485 2159 691 2244 supersedere
715 2181 749 2223 se
773 2181 869 2243 posse
893 2159 1057 2224 refutandi
1078 2158 1217 2226 Santrae
1241 2183 1339 2246 opera

188 2267 325 2350 putavit.
339 2303 383 2315 —
397 2267 521 2332 Rursus
541 2270 649 2332 autem
666 2266 746 2330 haec
765 2266 875 2331 omnia
893 2266 970 2350 quid
990 2267 1118 2332 tandem
1139 2267 1180 2332 ad
1196 2272 1338 2334 aetatem

188 2372 331 2438 Terentii
355 2372 589 2438 definiendam?
631 2372 734 2449 Quem
757 2395 830 2438 eum
853 2376 932 2437 natu
957 2373 1112 2438 maiorem
1136 2396 1236 2459 quam
1260 2374 1339 2440 bae·

136 2495 176 2535 ⁶1⁵
190 2482 269 2546 lium
296 2485 329 2545 et
353 2480 536 2565 Scipionem
563 2480 664 2545 fuisse
692 2502 773 2544 unus
804 2502 841 2544 ex
866 2479 1016 2544 omnibus
1040 2480 1227 2546 Fenestella
1250 2480 1339 2547 ‘eon-

187 2587 354 2673 tenderit’,
386 2588 463 2673 quid
496 2591 547 2652 est
578 2609 698 2671 quaeso
727 2608 783 2651 cur
810 2586 906 2650 fidem
933 2587 1123 2652 testimonio
1152 2588 1339 2654 certissimo

189 2696 396 2780 abrogemus,
421 2694 506 2780 quod
530 2698 580 2758 est
602 2692 722 2760 codicis
747 2693 966 2778 antiquissimi
989 2694 1197 2779 eiusdemque
1221 2696 1338 2780 optimi

189 2801 343 2885 Parisini,
366 2807 438 2884 post
463 2803 561 2867 utilas
587 2801 767 2879 concedas,
797 2801 933 2865 scendum
956 2802 1126 2882 qtrintum
1148 2807 1261 2884 atquc
1283 2804 1339 2868 ci·

188 2910 360 2974 cerionem
382 2928 503 2972 annum
525 2927 684 2990 opressum,
708 2910 836 2991 poetam
863 2907 1039 2972 excessisse
1058 2908 1137 2972 urbe
1156 2909 1339 2977 testantis?

189 3014 394 3082 Nouissimas
427 3014 455 3078 is
488 3014 671 3080 comoedias
704 3013 857 3077 docuerat
885 3035 969 3079 anno
997 3014 1076 3079 594:
1109 3020 1259 3081 mortuus
1287 3021 1340 3082 sst

188 3144 254 3186 uno
282 3125 357 3206 post
381 3141 479 3204 anno,
507 3118 564 3185 Cn.
588 3117 738 3184 cornelio
762 3119 937 3185 Dolabella
960 3119 1002 3186 M.
1026 3120 1142 3187 Fulvio
1166 3121 1339 3190 Nobiliore

189 3250 261 3312 eos,
286 3248 423 3310 quorum
446 3226 578 3292 nomina
602 3224 774 3292 Suetonius
798 3251 828 3311 p.
851 3229 926 3312 211,
952 3231 993 3293 12
1015 3229 1137 3313 posuit:
1165 3233 1264 3296 natus
1288 3234 1340 3297 est

189 3334 291 3419 igitur
314 3333 427 3398 eodem
449 3333 551 3398 ferme
575 3355 638 3418 quo
663 3330 771 3417 Scipio
795 3338 949 3418 tempore,
974 3335 1060 3399 vitae
1083 3357 1185 3401 annos
1208 3337 1341 3404 circiter

189 3463 244 3504 sex
268 3443 301 3503 et
323 3439 440 3526 viginti
461 3442 528 3506 sive
548 3441 690 3526 explevit
709 3441 777 3506 sive
797 3441 917 3527 attigit,
940 3441 980 3505 ad
1001 3442 1206 3509 scribendum
1226 3449 1338 3510 autem

190 3547 453 3612 necessitanbus
477 3548 542 3613 fere
567 3547 766 3633 undeviginti
789 3551 894 3612 natus.
931 3548 1023 3624 Quod
1047 3571 1104 3614 cur
1122 3551 1220 3615 nimis
1240 3552 1339 3617 mira·

190 3655 298 3740 bimur
320 3655 353 3718 in
377 3676 429 3737 eo,
452 3677 547 3739 quem
573 3654 626 3720 ‘ob
650 3655 816 3740 ingenium
840 3659 874 3719 et
895 3655 1033 3721 formam
1057 3679 1123 3722 non
1146 3657 1336 3724 institutum

189 3760 285 3826 modo
314 3760 509 3845 liberaliter,
537 3761 592 3825 sed
620 3765 653 3826 st
676 3765 824 3826 mature
848 3785 945 3827 manu
969 3763 1117 3828 missum’
1140 3787 1160 3828 a
1183 3764 1338 3833 Terentio

189 3868 320 3933 Lucano
347 3873 496 3934 senatore
519 3873 632 3933 narrat
655 3867 850 3934 Suetonius?
885 3867 962 3933 Non
985 3868 1153 3936 habebunt
1174 3871 1280 3956 igitur
1303 3874 1337 3939 in

261 4043 286 4111 *)
305 4044 454 4100 Exclusum
473 4043 559 4115 igitur
578 4043 663 4099 otiam
678 4045 709 4100 L.
724 4044 837 4098 Furium
851 4044 964 4099 Philum
980 4061 1039 4100 esse
1054 4051 1180 4117 apparet,
1200 4065 1275 4104 anno
1290 4049 1339 4104 de·

190 4151 265 4186 mum
286 4137 338 4186 618
358 4150 422 4199 coa,
441 4150 524 4203 quem
544 4149 607 4186 eum
622 4131 746 4201 Scipioni
766 4131 917 4201 Laelioque
931 4132 1056 4188 Donatus
1074 4134 1173 4203 sociat,
1192 4155 1210 4191 a
1223 4137 1292 4192 solis
1306 4141 1340 4193 ut

188 4221 271 4276 facile
295 4221 469 4291 intellegitur
492 4221 617 4276 versibus
636 4221 778 4277 Porcianis
797 4221 938 4290 profectus
957 4223 1011 4289 est;
1037 4215 1105 4277 item
1120 4224 1278 4291 exclusum,
1302 4226 1339 4281 dc

189 4327 244 4379 quo
264 4310 346 4366 facile
365 4309 503 4380 quispiam
521 4311 635 4381 cogitet,
655 4312 701 4380 Sp.
716 4310 882 4383 Mummiam
896 4309 1009 4365 tratrem
1026 4309 1150 4379 Achaici,
1169 4311 1297 4381 legatum
1312 4331 1338 4368 a

190 4405 251 4468 608,
270 4399 305 4454 de
324 4398 403 4454 cuins
422 4399 522 4455 studiis
539 4399 657 4470 poeticis
676 4398 831 4456 identidem
848 4400 920 4455 teste
939 4398 1072 4455 Cicerone
1090 4401 1210 4456 ansae
