2932 5026
192 332 257 394 522
520 347 638 394 nasus
660 327 806 395 vsaao's
830 346 1008 394 rnersvrr

191 491 282 555 illam
319 491 483 556 nesciendi
521 491 835 556 commendationem
873 490 1005 554 minime
1038 489 1150 554 valere
1182 488 1344 554 volumus.

190 597 367 663 Enimvero
396 599 506 663 mirari
538 621 594 663 vos
626 598 829 681 suspicamur
858 597 934 682 quid
965 597 1009 661 sit
1037 619 1093 673 cur
1118 618 1161 662 ne
1184 618 1254 660 uno
1276 596 1342 680 qui·

192 705 264 769 dem
292 706 390 770 verbo
419 706 498 771 illud
522 706 768 791 quaesierimus,
791 727 855 790 quo
879 705 1009 769 tandem
1033 707 1066 767 ct
1088 704 1179 787 quali
1205 704 1342 768 artificio

190 834 267 876 usus
286 810 329 876 M.
344 811 450 878 Varro
474 836 547 879 cum
570 817 718 897 posteros
738 813 972 898 benignissimo
990 811 1124 875 invento
1145 810 1340 876 demeruerit

190 922 259 983 tum
274 941 406 984 munere
421 921 520 984 etiarn
535 920 585 985 dis
600 921 761 985 invidioso
776 921 936 984 maiorum
950 919 1058 984 famae
1072 918 1289 984 consuluerit:
1303 917 1338 983 de

62 1043 67 1055 ¹
191 1048 253 1108 quo
285 1031 416 1092 constat
443 1029 543 1112 longo
574 1049 613 1092 ex
640 1032 787 1112 tempore
817 1049 976 1091 summam
1005 1025 1246 1090 dissensionem
1272 1047 1336 1091 esse

192 1136 225 1197 et
248 1132 416 1199 doctorum
440 1134 608 1200 hominum
632 1135 904 1219 disceptationem
926 1133 1128 1199 acerrimum.
1172 1131 1212 1196 ld
1234 1135 1335 1199 autem

192 1241 287 1324 quale
311 1241 355 1307 sit
378 1242 440 1306 etsi
465 1264 542 1306 sane
567 1241 643 1306 sciri
666 1245 776 1325 potest
800 1241 902 1305 etita
926 1241 1001 1305 sciri
1024 1244 1074 1323 ut,
1105 1239 1161 1323 qui
1186 1262 1221 1304 se
1244 1261 1334 1319 γραμ-

191 1348 321 1424 ματικὸν
349 1347 462 1414 haberi
491 1349 581 1428 velit,
609 1348 805 1413 dubitationi
833 1348 939 1412 locum
967 1347 1093 1411 nullum
1117 1346 1269 1412 relictum
1290 1347 1356 1439 in·¹

191 1453 312 1538 veniat,
344 1458 454 1520 tamen
487 1476 559 1520 cum
595 1477 660 1519 non
691 1458 839 1519 nostrum
872 1454 915 1519 sit
945 1457 978 1518 et
1008 1452 1280 1537 benignissimum
1305 1460 1335 1520 et

189 1560 287 1644 longe
307 1560 584 1644 simplicissimum
602 1562 767 1627 inventum
787 1558 874 1647 (nam
895 1561 1019 1626 ἁπλοῦ(
1038 1560 1057 1625 ὁ
1076 1565 1178 1640 poso<
1196 1567 1252 1641 τῆ(
1265 1560 1333 1642 dtu

114 1661 120 1672 ’
190 1667 276 1733 θεία(
299 1664 390 1754 ἔφυ),
418 1668 473 1732 sed
497 1669 610 1734 alienis
634 1670 748 1734 studiis
773 1669 941 1752 debeatur,
968 1691 1008 1733 ne
1031 1670 1136 1733 lineas
1159 1667 1333 1733 modestiae

189 1774 354 1839 transilire
387 1775 568 1859 videamur,
605 1780 711 1841 tacere
748 1799 834 1842 nunc
866 1798 963 1860 quam
996 1775 1105 1841 aliene
1137 1780 1333 1841 antevertere

189 1880 377 1963 praestabit.

251 2111 293 2176 II.
326 2111 477 2178 UEBER
499 2112 584 2180 DES
607 2113 902 2181 HIERONYMUS
925 2112 1275 2181 VARRONISOHEN

515 2218 1017 2308 suflnlrrnnnnrnnour).

136 2416 175 2455 nr
280 2380 373 2445 Eben
400 2404 467 2447 war
495 2382 598 2447 dieses
624 2385 735 2464 [erste]
760 2382 840 2446 Heft
863 2383 935 2446 dem
957 2381 1139 2448 Absohluss
1164 2376 1265 2468 nahe,
1289 2384 1330 2449 als

190 2487 252 2551 mir
275 2487 376 2553 durch
395 2489 447 2553 die
465 2488 549 2574 Giite
568 2489 624 2553 des
638 2488 746 2554 Herm
760 2486 1004 2574 Vertassers**)
1025 2489 1077 2554 die
1096 2488 1329 2556 naohstehende

190 2594 313 2660 Schrift
335 2597 467 2682 zuging:
1174 2673 1176 2676 Ι

278 2701 450 2768 Sentences
479 2704 517 2769 de
545 2704 588 2768 M.
617 2704 788 2768 Terentius
816 2701 945 2768 Varron
973 2707 1007 2768 et
1033 2702 1110 2768 liste
1141 2704 1181 2768 de
1208 2726 1259 2768 ses
1283 2727 1329 2768 ou·

322 2832 438 2895 vrages
472 2810 597 2894 d’apres
630 2813 797 2875 differente
830 2810 1024 2874 manuscrits
1057 2833 1119 2893 par
1150 2810 1328 2876 Charles

323 2915 535 3003 Chappuis,
568 2919 680 2983 ancien
709 2919 796 2982 cleve
820 2918 858 2980 de
881 2915 990 2981 l'ecole
1014 2918 1175 3000 normale,
1209 2919 1330 2982 docteur

323 3025 494 3108 ies-lettres,
518 3025 702 3108 professeur
726 3025 763 3088 de
787 3024 999 3108 philosophie.
1037 3025 1141 3110 Paris,
1164 3027 1250 3110 Aug.
1273 3025 1329 3089 Du·

322 3131 410 3194 rand.
461 3131 553 3196 1856.
600 3134 628 3196 8.
678 3134 740 3195 124
764 3154 794 3215 p.
846 3174 862 3194 2

188 3236 258 3300 Aur
277 3236 338 3302 den
362 3241 482 3320 ersten,
509 3237 562 3301 bei
587 3239 714 3303 weitem
738 3245 889 3322 gr'dssern
914 3236 1009 3301 Theil
1033 3236 1087 3301 des
1113 3238 1259 3320 Buches‚
1282 3239 1331 3302 der

189 3344 258 3408 sich
283 3345 343 3409 mit
365 3344 427 3408 den
452 3346 696 3427 viclberedeten,
720 3346 797 3409 aber
820 3347 904 3408 trotz
925 3343 1006 3406 aller
1025 3343 1215 3409 Lobredner
1235 3345 1331 3430 wenig

188 3453 341 3517 beredten
364 3452 539 3518 Sententiae
568 3453 718 3516 Varronis
746 3449 945 3534 besehsftigr
973 3447 1039 3534 (bis
1062 3472 1092 3533 p.
1120 3448 1213 3537 116),
1241 3450 1331 3516 beab-

189 3560 328 3644 siohtige
355 3560 407 3623 ich
435 3560 526 3624 nicht
549 3558 633 3623 mich
658 3558 729 3621 hier
752 3557 854 3622 nither
878 3555 1089 3621 einzulassen.
1139 3555 1332 3623 Schwerlich

189 3667 232 3729 ist
256 3689 289 3731 es
314 3667 388 3730 dem
412 3668 583 3731 Verfasser
607 3666 698 3730 mehr
722 3665 771 3729 als
796 3666 907 3729 seinen
927 3662 1142 3749 Vorgiingem
1167 3665 1333 3749 gelungen,

189 3773 239 3836 die
267 3751 385 3839 hdchst
415 3771 688 3857 problematische
711 3770 900 3856 Beziehung
922 3770 1028 3834 dieser
1051 3768 1198 3852 Sprdohe
1223 3793 1261 3836 zu
1282 3771 1334 3834 der

189 3881 309 3945 Person
324 3881 379 3945 des
393 3880 499 3945 Varro
514 3880 548 3943 in
566 3881 616 3945 ein
633 3877 781 3944 Stadium
798 3877 1332 3943 einleuchtendererWahrschein·

187 3988 323 4052 lichkeit
345 4012 383 4053 zu
407 3994 587 4071 versetzen,
615 3988 676 4051 mit
700 4011 736 4052 so
760 3984 1045 4051 zuversichtlicher
1068 3984 1282 4070 Glsubigkeit
1302 4006 1333 4048 er

276 4199 302 4266 ¹⁸)
323 4199 433 4269 [Rhein.
453 4200 579 4255 Museum
598 4200 618 4256 1.
637 4199 736 4254 Philol.
757 4198 806 4253 Bd.
827 4198 877 4251 XII
896 4199 989 4265 (1857)
1009 4214 1034 4265 p.
1057 4197 1221 4266 147-154]

259 4288 301 4356 **)
321 4288 376 4343 Der
396 4290 548 4359 Umschlag
571 4289 798 4358 obengenannter
817 4286 923 4341 Schritt
942 4287 1028 4340 neunt
1047 4285 1096 4338 ihn
1116 4286 1189 4340 noch
1208 4285 1252 4340 ais
1270 4283 1330 4340 Vst-

187 4378 276 4433 fasser
295 4377 393 4431 aweier
407 4377 536 4431 anderen:
558 4377 610 4430 ‘De
625 4376 757 4430 Antiochi
772 4375 949 4429 Ascalonitae
965 4375 1023 4428 vita
1038 4376 1067 4428 et
1080 4373 1232 4428 doctrins'.
1259 4373 1331 4429 Pas·

191 4472 267 4537 1814,
287 4467 344 4521 und
365 4467 551 4536 ‘hutisthene²
571 4483 602 4520 sa
619 4466 664 4520 vie
684 4467 713 4521 et
730 4483 774 4520 ses
792 4465 950 4535 ouvrages’.
988 4463 1067 4518 Paris
1088 4469 1166 4518 1814.
