2956 5018
284 112 349 175 334
554 127 795 189 ovsusurouus
819 126 1151 175 ouonuuonocmaa.

277 291 464 355 graecorum
492 273 660 336 nominum
684 272 787 336 lexico
808 271 952 355 Papiano
977 269 1126 335 accedere
1149 268 1286 353 poterit:
1312 267 1363 334 sed
1390 276 1432 349 i„

277 379 323 442 cis
347 401 432 444 nunc
456 401 508 443 me
531 378 692 462 contineo,
715 400 796 462 quae
816 378 966 462 propiore
986 399 1058 442 curn
1078 376 1201 441 uostris
1220 374 1337 440 studiis
1352 379 1427 454 vin.

277 486 349 551 culo
374 485 546 551 coniuncta
570 489 654 550 sunt.
687 485 804 549 Mirum
829 486 879 548 cst
902 484 988 547 enim
1007 483 1133 548 nullum
1152 481 1257 566 Papio
1275 492 1418 557 scaeui.

278 615 343 657 eae
366 593 496 677 poesis
520 592 671 657 latinae
695 613 787 655 usum
808 590 918 674 fuisse,
940 589 1147 654 Plautinae
1167 587 1414 672 potissimum&

277 699 549 783 Terentianae,
568 721 664 783 quam
684 721 701 762 c
720 697 844 782 graecis
863 718 934 760 esse
954 695 1109 780 exemplis
1129 717 1313 780 expressam
1325 718 1407 767 nemo
1446 698 1449 705 '

277 806 391 870 nescit.
437 806 652 869 Personarum
667 804 763 888 ‚enim
787 803 920 867 nomina
943 802 1003 866 etsi
1028 802 1165 866 Plautus
1189 801 1402 891 Terentiusquc

277 936 343 977 non
368 916 555 979 constanter
578 912 690 978 eadem
714 914 898 993 servarunt,
922 932 1002 995 quae
1025 911 1060 974 in
1083 909 1254 975 translatis
1276 933 1296 974 a
1315 932 1344 974 se
1361 912 1398 977 ia

277 1018 362 1084 bulis
386 1024 608 1104 reppererant:
633 1018 737 1104 quode
766 1017 908 1082 breviter
933 1017 1053 1082 dictum
1072 1014 1180 1082 Musei
1199 1016 1277 1101 phil.
1294 1016 1308 1080 Ι
1323 1039 1348 1101 p.
1362 1018 1405 1082 lo
1477 1023 1478 1051 ³

279 1124 456 1210 [Parergon
471 1149 501 1209 p.
516 1128 609 1206 278]:
627 1129 736 1190 tamen
756 1125 833 1210 quin
848 1147 885 1188 cx
907 1146 944 1189 eo
961 1144 1078 1207 genere
1096 1123 1250 1189 universo
1262 1121 1393 1207 petierint,

278 1233 361 1316 quod
381 1232 558 1316 Menandri,
583 1232 792 1315 Philemonis,
815 1230 941 1315 Diphili
966 1236 1211 1315 ceterorumque
1229 1231 1392 1295 comicorum

278 1341 424 1424 exemplo
444 1343 477 1404 et
496 1340 688 1405 auctoritate
707 1339 899 1423 continetur,
925 1339 978 1403 vix
995 1337 1143 1422 estquod
1158 1337 1338 1403 dubitemus.
1358 1330 1393 1398 Ill

279 1450 315 1510 ut
338 1446 495 1531 quaedam
520 1446 569 1510 illi
593 1469 651 1511 nec
675 1446 750 1510 hinc
774 1447 972 1530 sumpserint
994 1468 1053 1510 nec
1077 1467 1094 1510 e
1120 1467 1198 1511 snae
1217 1443 1325 1510 aetatis
1337 1460 1393 1506 eon·

280 1553 448 1617 suetudine
477 1552 664 1636 asciverint,
694 1552 749 1617 scd
777 1551 840 1637 ipsi
869 1552 1021 1617 finxerint
1044 1552 1095 1617 vel
1120 1552 1220 1618 etiam
1243 1546 1396 1616 iuulmar

281 1658 434 1743 luserint,
466 1658 543 1743 quid
575 1659 696 1724 refert?
734 1659 829 1725 modo
862 1663 948 1723 recte
979 1662 1013 1723 et
1044 1659 1165 1724 rationi
1198 1653 1397 1724 convenienter

278 1765 438 1830 finxerint.
475 1764 524 1829 Ac
543 1764 664 1850 Papius
689 1787 761 1830 eum
784 1765 904 1830 ficticia
923 1767 1057 1831 nomina
1075 1764 1262 1831 comoediae
1278 1774 1398 1849 grows

278 1871 503 1956 Alciphronis,
532 1871 746 1956 Aristaeneti,
768 1872 911 1956 Lucillii,
935 1869 1108 1958 aliorum*)
1132 1871 1308 1937 rectissime
1321 1868 1354 1935 ,et
1369 1862 1400 1926 iu
1447 1855 1448 1858 ¹

244 2001 264 2040 v
279 1978 406 2043 lexicon
435 1981 612 2063 susceperit
640 1985 672 2044 et
701 2001 756 2045 cur
779 2002 817 2044 ex
842 1979 1113 2064 appellativorum
1137 1999 1269 2043 numero
1290 1968 1404 2040 cremiu-

280 2090 338 2169 sct,
362 2086 461 2170 praef.
485 2108 515 2169 p.
536 2085 599 2151 Vll
623 2086 817 2170 exposuerit,
840 2087 916 2171 quid
941 2089 991 2151 est
1016 2084 1149 2150 tandem
1175 2106 1240 2169 cur,
1262 2080 1331 2170 quid
1345 2096 1408 2144 om·

280 2190 356 2256 nino
375 2192 408 2256 in
428 2193 490 2259 hoc
510 2215 627 2280 genere
646 2193 782 2269 licuerit,
802 2215 868 2276 non
886 2193 985 2258 etiam
999 2192 1153 2258 Plautino
1168 2189 1411 2271 Tarentinique

280 2345 491 2363 ——---1—-

261 2443 278 2465 '
352 2457 378 2527 ²¹⁸)
397 2458 456 2513 Nec
474 2461 569 2514 tamen
589 2459 643 2514 sibi
660 2459 721 2529 ipse
741 2458 867 2514 constitit
884 2475 996 2529 prorsus
1014 2461 1145 2530 neglecta
1160 2450 1416 2529 nyobarrecuo·

279 2547 422 2601 machia.
461 2548 567 2604 Eodem
591 2549 665 2603 enim
683 2549 756 2615 iure,
782 2565 836 2618 quo
855 2548 935 2603 velut
953 2565 1087 2616 equorum
1106 2547 1311 2618 (piractcmirso
1325 2545 1420 2598 tunm

281 2636 463 2706 Βουκεφάλῳ)
488 2641 537 2692 aut
560 2637 674 2692 navium
699 2639 776 2692 certa
799 2637 913 2691 nomina
935 2653 990 2691 non
1008 2635 1038 2691 in
1057 2636 1304 2707 appellativorum,
1323 2619 1420 2687 uellin

280 2725 455 2793 propriorum
479 2725 569 2780 lexico
588 2726 740 2792 recensuit,
768 2726 822 2780 hue
845 2742 929 2780 ranae
948 2742 1097 2796 mutesque
1115 2725 1259 2796 pertinent
1275 2721 1321 2795 qui
1335 2716 1422 2775 ullffl

279 2818 382 2881 poetae
401 2832 451 2882 pro
470 2815 629 2868 homiuibus
648 2815 768 2869 luerunt.
796 2815 879 2869 lllinc
898 2814 985 2884 igitur
998 2814 1042 2868 his
1057 2815 1193 2884 exemplis
1207 2808 1422 2877 enchaenea·

282 2900 423 2970 Papianus
441 2902 613 2976 supplendus
632 2906 686 2957 eet:
712 2904 981 2971 Ἀρτεπίβουλοε.
1012 2905 1232 2970 Ἀρτοφάγοε.
1260 2903 1421 2969 sociaco·

279 2989 405 3057 rolant.
446 2990 713 3060 Ἐμβαείχυτροε.
747 2993 981 3060 Καλαμίνθιοε.
1015 2995 1275 3060 Κνιεοδιώκτηι
1305 2992 1420 3045 rouro·

280 3079 392 3144 φάγος
411 3079 475 3147 (vid.
492 3081 626 3135 librorum
640 3081 860 3150 discrepantiam
875 3099 919 3151 ap.
934 3082 1033 3136 Matth.
1054 3081 1089 3136 ad
1107 3100 1133 3136 v.
1148 3086 1202 3135 210
1217 3081 1294 3151 sqq.).
1316 3080 1417 3145 reue·
1459 3148 1465 3157 ι

279 3170 440 3235 βοφάγοε.
470 3171 727 3239 [Κραμβοβάτηε
750 3189 775 3226 v.
801 3177 852 3226 236
877 3171 931 3224 fide
955 3171 1052 3241 earet]
1079 3168 1318 3238 Kouararteuc
1348 3166 1414 3220 ΛεΙ·

278 3257 405 3325 χήνωρ.
421 3261 619 3325 Λειχομύλη.
636 3258 851 3327 (Λειχοπίναξ
867 3256 1411 3328 cxAlciphroneallatum.)llrpuhcr⁰⁶

279 3347 492 3416 Λιμνόχαριε.
513 3347 593 3416 [Fide
612 3350 692 3401 earet
710 3350 870 3415 Λιτραῑο(
887 3365 913 3402 v.
934 3348 1006 3418 225]
1028 3349 1259 3415 Μεριδάρπαξ.
1285 3348 1409 3416 (Ὀριψ

278 3435 361 3488 νίων
386 3454 410 3488 v.
431 3441 482 3488 255
508 3453 541 3489 ex
560 3437 701 3491 Antonino
725 3435 868 3504 innotuit.)
886 3436 1099 3503 Hulossdruc.
1131 3435 1203 3502 (Nee
1221 3434 1371 3504 Πηλείων
1388 3445 1408 3483 r·
1473 3427 1474 3430 ¹

281 3530 334 3578 206
357 3540 469 3592 prorsus
492 3525 786 3593 praetermittendum,
814 3529 846 3580 ut
868 3525 944 3595 quod
968 3525 1004 3579 ad
1027 3525 1114 3590 nuto(
1138 3523 1222 3578 simul
1240 3522 1408 3580 ethemima

278 3629 379 3666 nomen
403 3615 530 3681 spectet.)
553 3614 774 3682 Πολύφωνοε.
808 3615 1008 3681 Πραεεαῑοε.
1035 3614 1295 3680 Πραεεοφάγοε.
1321 3614 1411 3680 urcu-

278 3702 464 3768 νογλύφοε.
491 3702 798 3770 Πτερνοτρώκτηε.
825 3704 1089 3771 Πτερνοφάγοε.
1116 3703 1309 3759 (turtulae
1335 3702 1413 3757 (uro-

279 3791 395 3858 φάγοι.
432 3793 689 3860 Τρωγλοδύτηε.
718 3794 931 3861 Τρωξάρτηε.
963 3791 1189 3860 Τυρογλὺφο(
1212 3792 1419 3860 (Τυροφάγοε

280 3897 331 3933 scr.
355 3879 436 3934 diser.
460 3898 486 3934 v.
510 3884 581 3950 222).
608 3883 865 3950 Ὑδρομέδουεα.
904 3883 1112 3950 Ύδρόχαριε.
1151 3882 1323 3948 Ὑψιβὸαι
1352 3882 1421 3937 Φιλ-

278 3974 396 4035 τραῑο(
414 3969 480 4036 (vid.
499 3970 599 4024 Matth.
618 3972 654 4025 ad
673 3990 698 4028 v.
718 3975 789 4043 225).
809 3973 1030 4039 Φυείγναθοε.
1054 3970 1238 4039 Ψιχάρπαξ.
1260 3970 1426 4040 'strepitat

279 4057 324 4124 (ef.
345 4059 483 4125 Ὤκιμον
504 4060 666 4128 Ὠκίμων),
706 4061 782 4127 Quae
805 4062 919 4116 nomina
943 4061 996 4116 etsi
1020 4060 1143 4115 dubitari
1166 4060 1269 4130 nequit
1290 4061 1359 4132 quin
1375 4076 1427 4116 nou

279 4146 408 4202 universa
431 4147 523 4201 locum
547 4167 627 4203 suum
652 4149 681 4204 in
706 4166 762 4203 una
781 4151 932 4219 eademque
952 4148 1083 4203 carminis
1102 4149 1180 4203 illius
1200 4149 1367 4205 recensione
1383 4148 1429 4205 ha·

279 4235 399 4303 buerint‚
418 4239 514 4291 tamen
532 4237 561 4291 id
580 4237 671 4307 ipsum
690 4239 746 4294 huc
765 4239 877 4306 quidem
898 4237 968 4292 nihil
988 4237 1136 4308 pertinet-
