2932 5026
274 271 336 335 194
629 289 845 337 nasonicum
867 288 1053 337 nnsvrrna.

272 433 329 493 aut
348 430 428 495 adeo
448 429 556 512 pilam
571 429 727 513 praaeam’
746 432 766 496 i.
785 452 811 496 e.
834 429 935 515 pilam
952 429 1112 495 lusoriam
1130 424 1332 492 reddendam
1351 447 1429 490 csse

270 533 432 599 Astrabae
460 535 566 600 versui
595 536 800 601 somniarunt
828 540 865 601 ut
892 533 962 600 Nic.
985 534 1140 600 Heinsius
1162 531 1340 598 Adversar.
1363 529 1439 618 111,

272 642 311 706 11
335 665 366 725 p.
389 643 469 726 478,
497 644 643 727 quamvis
670 649 800 728 praeter
822 665 1006 709 mensuram
1028 642 1117 721 vocis
1139 640 1211 725 ipso
1235 639 1440 706 accusativo

269 770 289 811 a
311 749 414 814 totius
437 750 469 814 vi
493 751 673 816 sententiae
697 751 812 817 alieno.
836 788 880 796 -
902 732 965 816 His
991 755 1100 816 nutem
1123 748 1171 814 sic
1194 745 1357 832 expeditis
1376 744 1429 811 al·

268 856 331 919 teri
356 878 495 941 quoque,
524 857 608 943 quod
632 851 729 943 snpra
751 857 988 943 significabnm,
1011 861 1203 942 argumento
1227 853 1285 919 via
1306 856 1423 939 parata

269 966 327 1027 est.
374 960 459 1027 Nam
489 963 573 1049 quod
603 964 637 1029 in
665 985 777 1030 versus
807 964 895 1030 exitu
914 964 1074 1029 adiectum
1098 966 1150 1027 est
1172 960 1310 1047 ‘plana
1332 958 1416 1045 nia’,

268 1068 398 1134 facilem
426 1090 513 1135 nnnc
529 1071 737 1154 ‘explicatum
760 1071 846 1136 huno
868 1071 981 1155 habet,
1007 1070 1102 1135 utin
1125 1069 1197 1153 ipso
1219 1068 1339 1153 plano,
1364 1066 1414 1133 nbi

269 1177 546 1241 munimentorum
576 1177 745 1242 obstacula
772 1177 862 1242 nulla
890 1176 1072 1263 superanda
1099 1175 1181 1259 sint,
1211 1179 1327 1241 tamon
1349 1195 1413 1258 ope

268 1304 361 1348 rosae
393 1284 728 1349 machinamentorum
761 1283 962 1350 contentioni
993 1284 1083 1350 locus
1114 1281 1185 1347 dari
1212 1279 1352 1346 dicatur.
1376 1310 1428 1325 -·

268 1388 437 1456 Postremo
460 1390 533 1454 vide
556 1390 646 1474 mihi,
669 1413 766 1475 quam
789 1390 956 1456 commode
979 1390 1014 1456 in
1036 1388 1241 1475 propositam
1260 1388 1413 1471 interpre

269 1496 429 1561 tationem
456 1496 536 1561 illud
565 1496 751 1581 conveniat,
779 1497 864 1583 quod
887 1495 1142 1582 ‘reciprocandi'
1165 1495 1274 1581 notio,
1302 1495 1417 1561 sinon

270 1624 402 1686 prorsus
425 1603 557 1686 pariter,
580 1608 615 1668 at
638 1603 790 1669 similiter
812 1605 891 1669 item
915 1605 956 1669 ad
978 1605 1120 1670 telorum
1138 1603 1262 1668 iactum
1281 1601 1417 1666 reform

269 1712 304 1774 in
335 1710 486 1776 Accianis
520 1711 666 1776 versibus
699 1710 901 1778 Philoctetae
928 1711 994 1778 545
1013 1734 1061 1797 sq.
1097 1709 1208 1776 Ribb.:
1242 1707 1418 1793 ‘reciproce

269 1816 404 1882 tendens
427 1838 527 1882 neruo
551 1817 669 1901 equino
693 1818 820 1884 concita
843 1817 931 1886 tela'.

818 2048 865 2105 IV.

359 2171 476 2239 Festus
506 2197 536 2259 p.
560 2176 639 2260 306,
668 2176 708 2241 31
731 2199 778 2262 sq.
808 2179 860 2241 sat
888 2176 976 2240 certo
1005 2174 1174 2258 suppletus
1198 2195 1238 2238 ex
1261 2173 1421 2258 epitome:

270 2279 523 2361 ‘[subscudes
543 2281 763 2367 ap]pellantur
777 2287 933 2347 cuneatae
948 2281 1133 2368 (cuneratae
1147 2280 1221 2357 cod,
1232 2300 1310 2345 corr.
1325 2276 1421 2365 διαὶ)

269 2387 426 2468 ta[bellae
458 2389 588 2474 quibus]
619 2388 751 2454 tabulae
781 2388 867 2453 inter
896 2410 930 2453 se
959 2388 1195 2473 c0n[figuntur,
1223 2386 1331 2473 qui]a,
1357 2408 1422 2471 qno

270 2515 326 2558 eae
345 2495 576 2579 immittuntur,
600 2493 808 2576 [succuditur.
843 2493 1019 2576 Pnc]unins
1038 2494 1072 2557 in
1090 2490 1233 2576 Niptris:
1255 2513 1334 2557 ‹nec
1352 2490 1423 2557 ulie

271 2601 405 2666 subscus
431 2601 562 2667 cohibet
586 2622 776 2686 compagem
801 2602 912 2665 alnei».
957 2600 1092 2665 Plautus
1117 2599 1152 2664 in
1175 2599 1333 2665 Astraba:

219 2767 250 2814 11
383 2744 617 2809 Terebrdtus
641 2744 800 2810 multum
826 2743 893 2809 sit:
916 2742 1127 2808 subscudes
1151 2739 1310 2808 additc'.

269 2887 319 2962 sit,
342 2885 502 2951 nrbsnsdes
527 2888 654 2971 scripsi:
677 2891 719 2953 sit
740 2894 769 2953 ct
789 2889 951 2954 subscudes
974 2888 1087 2954 codex:
1110 2888 1168 2954 sict
1188 2891 1218 2951 et
1239 2885 1422 2953 scenam

270 2990 422 3070 Bothius‚
445 2992 501 3057 ubi
525 2992 665 3058 debebat
687 2994 804 3059 saltem
827 3000 869 3061 sit
891 3016 1034 3080 servare,
1057 3015 1254 3080 quamquam
1276 2992 1422 3078 singula·

270 3118 338 3161 rem
371 3120 539 3167 numerum
573 3100 674 3165 habes
707 3124 784 3167 sane
817 3103 851 3166 in
885 3102 1069 3168 Pacuuiano
1103 3122 1206 3166 versu.
1237 3138 1280 3147 -
1309 3098 1423 3167 Verba

270 3203 356 3269 haud
389 3206 485 3272 dubie
515 3207 553 3271 de
583 3230 675 3274 servo
705 3209 855 3274 dicuntur
882 3210 923 3275 ad
951 3209 1147 3294 supplicium
1175 3207 1331 3274 dedendo.
1375 3205 1424 3289 Bt

270 3312 448 3379 ‘terebros'
481 3315 609 3401 quidem
643 3321 780 3402 apparet
812 3317 1002 3404 cogitandos
1030 3337 1107 3383 esso,
1128 3316 1307 3401 flagrorum
1335 3337 1423 3382 scor·

270 3421 443 3504 pionumve
471 3425 636 3490 stimulos:
666 3424 751 3490 unde
777 3425 866 3510 ipsas
893 3423 1054 3489 ‘terebras
1077 3421 1262 3488 stimuleas'
1286 3422 1424 3489 Mostel-

271 3526 371 3594 larine
399 3532 506 3595 versui
530 3532 571 3596 57
602 3531 730 3596 restitui
753 3529 883 3616 Parerg.
910 3554 941 3616 p.
964 3530 1039 3595 483.
1076 3527 1276 3595 ‘subscudes’
1308 3534 1421 3597 antem

269 3633 355 3698 haud
376 3636 442 3701 scio
463 3659 505 3702 an
524 3638 564 3702 ad
583 3637 763 3703 ‘robustum
783 3637 938 3704 codicem'
958 3638 1050 3703 illum
1064 3635 1251 3701 Plautinum
1265 3633 1420 3723 (Poennli

272 3739 312 3823 V,
331 3741 361 3822 3,
379 3740 437 3828 34)
461 3748 616 3828 spectent,
639 3746 689 3810 cui
712 3746 819 3831 pedes,
841 3745 1004 3830 bracchia,
1027 3745 1148 3811 collum
1172 3742 1420 3830 adstringeba-

270 3851 337 3930 tur,
361 3847 401 3914 do
424 3871 488 3933 qno
511 3873 625 3934 parum
649 3852 689 3916 nd
712 3875 780 3918 rem
804 3853 953 3937 apposite
972 3853 1140 3918 Tumebns
1163 3851 1232 3937 egit
1245 3849 1420 3917 Adversa.

269 3953 394 4038 xxm,
422 3958 478 4038 21,
507 3955 735 4024 Bentleianum
764 3960 802 4024 de
831 3982 864 4024 se
893 3958 1045 4024 iudicium
1069 3955 1124 4046 (ad
1146 3957 1227 4024 Hor.
1251 3954 1355 4022 Serm
1376 3952 1420 4039 11,

271 4063 302 4145 2,
327 4061 403 4147 123)
432 4064 493 4128 hoc
516 4086 643 4151 quoque
668 4065 814 4149 exemplo
838 4064 1062 4150 comprobans.
1085 4101 1129 4110 —
1152 4063 1264 4130 Aliam
1287 4064 1323 4130 in
1345 4084 1419 4148 pss·

270 4173 337 4234 tem
365 4170 475 4236 velent
503 4171 544 4235 ab
567 4171 714 4238 Arnobio
739 4171 798 4256 VI,
829 4172 869 4237 16
892 4172 1021 4237 iunctae
1045 4169 1248 4257 ‘subscndcs,
1275 4174 1419 4253 catenae,

270 4277 345 4342 unci
374 4281 469 4362 atque
497 4278 650 4345 ansulae'.
674 4317 717 4325 -
740 4278 890 4345 Ceterum
917 4278 999 4344 nihil
1022 4279 1098 4344 huic
1120 4278 1308 4365 fragmento
1331 4299 1417 4345 com·

270 4408 365 4453 mune
389 4390 439 4450 est
461 4409 534 4452 cum
558 4406 601 4454 v1.
