2932 5026
235 301 298 366 182
592 314 807 364 1110111111
831 315 1017 394 11111119.

232 461 392 526 librorum
416 460 572 525 memoria
593 459 643 526 Μ
665 460 744 525 aecii
766 460 829 543 titi,
855 457 904 524 Μ.
926 460 1068 538 ameni,
1093 459 1303 543 11100101ίίἰῄ
1335 458 1387 524 Μ.

232 568 388 646 lratrutici,
401 566 450 632 M.
463 567 547 651 aetii,
566 567 683 652 quibus
701 565 889 631 nominibus
907 566 1098 651 interpolati
1115 568 1169 633 sed
1185 565 1387 651 particulam

233 674 458 760 praemittunt,
476 673 567 739 effeci
585 673 750 758 Parergon
767 696 797 758 p.
815 675 855 738 14
875 674 958 739 conl.
976 697 1007 758 p.
1023 674 1065 739 10
1084 679 1117 739 et
1136 674 1193 741 86:
1216 679 1388 741 strenuus·

234 802 295 866 que
319 780 468 865 idemque
491 781 818 865 intellegentissimus
842 781 960 846 vindex
982 781 1050 846 eius
1069 782 1309 848 emendationis
1333 804 1389 848 ex·

235 888 322 953 stitit
344 886 505 952 Martinus
528 885 679 952 Hertzius
707 909 781 952 eum
807 885 953 952 Berolini
980 910 1008 952 a.
1034 886 1120 954 1854
1147 887 1317 973 publicato
1347 887 1390 954 de

235 995 344 1062 Plauti
371 994 558 1060 nominibus
587 994 712 1078 libello,
743 997 815 1059 tum
838 995 907 1059 eius
930 994 1164 1079 disputationis
1188 993 1387 1080 ‘epimctro'

236 1102 322 1189 quod
345 1102 451 1166 estin
473 1101 640 1186 prooemio
663 1100 847 1167 academico
862 1083 1111 1167 Vratislaviensi
1134 1102 1211 1168 anni
1236 1102 1385 1169 1867.-

235 1210 320 1295 Ipsis
340 1213 448 1274 autem
463 1209 556 1274 Accii
574 1209 683 1274 verbis
702 1213 831 1275 constat
853 1209 1030 1294 praeclaris
1052 1209 1388 1277 commentationibus

236 1318 361 1383 duabus
388 1338 508 1382 novam
535 1316 640 1381 lucem
668 1315 810 1383 adlatam
838 1337 918 1381 esse.
962 1314 1141 1401 Postquam
1170 1317 1256 1382 enim
1278 1316 1384 1382 illac
1444 1351 1448 1357 ·

237 1422 496 1490 ‘Didascalioon'
523 1423 618 1490 libris
645 1423 799 1490 Accianis
826 1424 931 1509 petita
958 1447 1029 1490 esse
1056 1423 1239 1511 Madvigius
1270 1424 1386 1490 docuit

236 1532 354 1617 Opusc.
373 1529 491 1597 acadl
514 1532 544 1616 p.
559 1531 616 1615 94,
639 1531 752 1595 eadem
775 1553 842 1597 non
865 1553 935 1597 esse
958 1554 1056 1617 prosa
1078 1533 1225 1598 oratione
1250 1530 1387 1617 scripta,

237 1641 292 1706 sed
316 1639 459 1704 numeris
487 1638 641 1704 conclusa
666 1637 807 1721 pervidit
829 1637 909 1704 God.
931 1637 1112 1704 Hermanni
1136 1660 1272 1704 acumen
1294 1639 1387 1705 edita

237 1772 265 1814 a.
291 1748 377 1813 1842
407 1745 463 1811 ‘de
486 1744 520 1809 L.
543 1745 630 1810 Attii
660 1744 753 1810 libris
777 1744 1022 1814 Didascalicon'
1046 1745 1274 1813 dissertatione
1297 1768 1331 1831 p.
1355 1748 1386 1813 5.

238 1854 336 1921 Cuius
360 1873 421 1938 ego
446 1852 594 1937 exemplo
618 1851 652 1917 in
674 1852 787 1936 paucis
806 1852 959 1920 derelicto
978 1852 1161 1921 trochaieos
1181 1854 1388 1938 septenarios

238 1963 322 2028 tales
341 1959 462 2045 partim
482 1958 559 2025 olim
579 1957 803 2025 commendavi
822 1959 843 2025 l.
857 1982 882 2025 s.
897 1983 921 2026 s.
935 1961 1057 2046 partim
1076 1983 1161 2029 nunc
1180 1962 1389 2029 commendo:

283 2105 431 2188 Namque
453 2123 513 2167 nec
537 2100 687 2167 Geminei
707 2103 839 2167 lenones
861 2104 919 2168 ne‘c
942 2102 1146 2190 Condalium,
1168 2107 1234 2172 ndn
1256 2105 1353 2171 Anus

284 2211 405 2295 Plauti,
432 2232 492 2275 nec
516 2209 573 2276 Bis
597 2212 782 2295 compressa
805 2214 862 2275 aut
884 2210 1022 2279 Bocdtia
1044 2212 1113 2278 eius
1136 2213 1290 2297 umquam
1316 2213 1391 2293 fuit,

284 2318 397 2404 Ne‘que
411 2316 579 2404 Agroecus
602 2339 705 2403 neque
729 2316 987 2385 Commorientes
1011 2319 1092 2385 rideo
1114 2317 1299 2386 fuitMacei
1311 2319 1390 2386 Titi.

240 2465 386 2542 Quorum
408 2461 524 2527 ultimo
547 2463 622 2528 odeo
644 2462 805 2547 particula
827 2463 1069 2548 transponenda
1091 2464 1166 2549 luit,
1188 2485 1229 2529 ne
1254 2466 1313 2530 aut
1335 2485 1390 2531 ne

240 2571 381 2638 cessaria
402 2592 536 2636 caesura
553 2568 791 2635 desideraretur
810 2574 867 2635 eut
885 2570 919 2635 iu
933 2571 1089 2655 Aproecus
1107 2570 1391 2657 antepaenultima

240 2682 370 2765 praeter
398 2678 504 2762 legem
533 2677 771 2761 produceretur.
816 2677 902 2743 Nam
926 2679 1012 2763 quod
1035 2677 1191 2744 Sotadeos
1214 2679 1325 2763 potius
1349 2701 1388 2745 ex

240 2786 391 2852 Accianis
424 2784 531 2850 verbis
565 2785 678 2850 elicere
709 2785 882 2869 persubtili
912 2785 1130 2870 disputatione
1158 2786 1388 2852 Lachmannus

240 2893 384 2958 instituit
412 2892 445 2956 iu
473 2892 639 2976 prooemio
668 2891 787 2957 Indicis
815 2892 890 2957 1901.
917 2893 984 2958 hib.
1007 2891 1114 2959 Berol.
1138 2916 1166 2958 a.
1191 2893 1276 2959 1849
1301 2917 1336 2978 p.
1358 2895 1390 2977 6,

241 3023 336 3085 quem
366 3004 416 3063 est
443 2997 542 3063 Gellii
571 2997 677 3064 editor
702 2997 854 3064 Hertaius
888 3004 1032 3085 secutus,
1063 2999 1096 3064 id
1125 3000 1186 3065 etsi
1215 2999 1294 3066 olim
1322 3022 1390 3067 uon

241 3105 455 3192 improbabile
480 3105 585 3170 visum
609 3109 673 3188 est,
696 3110 806 3171 tamen
829 3129 893 3192 quo
918 3107 1041 3172 diutius
1064 3107 1182 3172 iterum
1205 3111 1303 3193 atque
1328 3108 1388 3174 ite·

241 3237 313 3280 rum
343 3206 504 3297 pensitari
511 3263 519 3297 ,
552 3233 589 3276 eo
619 3211 699 3277 mihi
730 3213 858 3299 aegrius
889 3215 1044 3298 persuasi.
1094 3213 1243 3301 Longum
1270 3218 1323 3280 est
1353 3219 1388 3282 et

242 3324 283 3390 ab
311 3323 373 3388 hoc
401 3321 472 3386 loco
496 3320 651 3406 alienum,
682 3341 785 3406 genus
809 3320 889 3386 illud
911 3321 1099 3387 universum
1122 3322 1321 3409 disceptare3
1352 3322 1387 3388 in

242 3431 322 3517 ipsis
346 3428 438 3495 Accii
462 3428 625 3514 versibus,
652 3427 764 3513 quales
787 3427 1014 3494 Lachmannus
1038 3428 1220 3513 coustituit,
1242 3428 1307 3495 duo
1331 3452 1389 3515 po·

241 3539 406 3604 tissimum
436 3538 513 3599 suut
541 3557 623 3620 quae
652 3556 724 3600 meo
755 3557 852 3601 sensu
881 3536 1010 3620 placore
1039 3539 1215 3620 nequeant:
1246 3535 1391 3620 primum

242 3668 357 3731 parum
381 3645 633 3726 exaequatorum
653 3643 893 3709 enuntiatorum
908 3666 1123 3729 versuumque
1141 3643 1392 3729 inconcinnitas,

242 3756 372 3839 praeter
399 3755 506 3815 cetera
534 3753 642 3814 autem
671 3771 743 3815 cum
771 3750 864 3836 gravi
892 3750 1070 3816 offensione
1098 3750 1133 3815 in
1160 3750 1248 3816 exitu
1277 3773 1392 3817 verens

243 3859 386 3946 positum
408 3878 478 3922 noo:
503 3855 604 3922 ‘Nem
627 3878 686 3922 nec
709 3854 860 3922 Geminei
880 3856 991 3922 leones
1014 3857 1072 3921 nec
1096 3854 1291 3923 Condalium
1314 3855 1392 3941 nec}

244 3965 352 4031 Plauti
367 3966 466 4048 Anus,
481 3962 557 4030 ncc’
577 3986 603 4030 9.
613 3989 641 4046 q.
651 3987 685 4044 a,
707 3965 789 4029 nihil
813 3968 850 4030 ut
872 3963 912 4028 de
935 3963 1071 4028 moleste
1094 3963 1263 4030 conlocato
1278 3962 1393 4030 Plauti

243 4075 375 4140 nomine
397 4073 516 4158 dicam3
543 4110 580 4119 -
607 4072 759 4157 alterum,
787 4071 872 4157 quod
896 4068 1039 4136 ‘leones'
1067 4070 1224 4155 praetulit
1251 4068 1392 4137 ‘lenoni-

244 4181 331 4265 bus',
353 4203 434 4266 quos
452 4182 604 4247 nimirum
624 4183 789 4265 respueret
808 4178 876 4245 ‘lex
895 4175 1080 4243 carminis’:
1099 4176 1220 4262 dequo
1239 4199 1299 4243 suo
1317 4177 1392 4245 loco

245 4291 369 4356 dicetur
391 4291 450 4355 sub
475 4287 693 4354 ‘banonrsvs
718 4284 887 4352 eaulms’.
