2932 5026
192 111 258 174 520
523 127 640 174 nnana
664 107 809 174 vsaao's
833 127 1007 173 niseisvn

192 274 310 335 natura
333 270 559 353 praestitisset,
582 270 691 335 dedita
714 291 813 354 opera
837 270 1026 354 designavit,
1049 271 1121 335 fieri
1140 271 1250 354 potuit
1265 293 1329 356 pro

191 377 277 442 fecto
305 381 343 441 ut
369 398 407 440 ex
431 375 678 442 Hebdomadum
706 376 930 441 recordatione
958 378 1081 462 aliquid
1110 377 1212 441 etiam
1234 378 1269 442 in
1288 400 1331 443 ee

191 484 269 548 teris
297 483 444 567 partibus
472 485 652 567 proficeret
696 483 728 547 N
731 505 773 547 on
803 482 842 546 de
865 482 987 546 talibus
1010 484 1123 566 potius
1145 505 1234 548 nunc
1255 487 1333 569 cogi·

191 596 298 656 tamus
317 590 411 676 quale
431 597 481 655 eat
500 591 585 675 quod
604 596 680 675 post
696 591 816 655 factam
830 589 958 673 Apellis
973 591 1174 656 mentionem
1189 594 1336 674 quathror

190 698 332 781 pictores
356 700 376 778 ξ
402 699 465 762 126
489 695 628 761 sociavit
645 696 832 780 Aristidem,
855 697 1111 781 (timomachum,
1135 696 1337 784 Bularchum,

191 805 407 889 Protogenen
440 826 460 869 a
492 804 694 889 praestantia
725 808 758 868 et
785 804 921 868 caritate
951 803 1137 868 tabularum
1164 804 1338 870 notabiles:

191 934 288 996 quam
318 913 357 976 de
384 911 444 976 illa
471 911 614 994 capitum
643 910 831 975 diversitate
855 933 1024 995 rerumque
1048 910 1338 978 dissimillimarum

140 1069 143 1073 -
192 1020 355 1104 congerie,
378 1020 467 1085 cuius
492 1017 622 1082 initium
645 1018 682 1080 fit
705 1019 725 1097 ξ
749 1017 801 1081 33.
847 1015 941 1080 Vnde
964 1021 1095 1101 praesto
1119 1023 1198 1083 sunt
1221 1018 1273 1103 (ut
1293 1043 1338 1087 or·

192 1127 298 1190 dinem
318 1126 504 1191 Plinianum
523 1123 701 1210 servemus)
719 1146 786 1188 non
805 1128 959 1188 consueto
979 1128 1074 1208 partu
1094 1124 1186 1207 editi,
1209 1126 1340 1192 insolita

191 1233 336 1317 corporis
364 1233 417 1296 vel
440 1232 545 1321 figura
568 1231 618 1295 vel
642 1252 794 1295 mensura
818 1232 868 1294 vel
891 1232 1048 1295 firmitate
1072 1235 1131 1296 aut
1152 1231 1340 1297 infirmitate

191 1340 243 1404 vel
267 1339 427 1423 patientia
449 1338 609 1423 insignes,
632 1359 788 1419 cursores,
812 1338 977 1401 oculorum
1000 1338 1174 1403 auditusve
1198 1339 1269 1404 acie
1291 1362 1339 1404 va·

191 1447 305 1529 lentes,
322 1468 389 1511 non
409 1445 530 1510 usitata
548 1445 579 1509 vi
595 1445 768 1509 memoriae
783 1443 935 1527 praediti:
955 1449 1087 1528 praesto
1103 1449 1182 1510 sunt
1196 1447 1341 1530 exempla

191 1552 401 1635 fortitudinis,
424 1552 609 1635 probitatis,
633 1551 816 1635 pudicitiae,
840 1551 982 1634 pietatis,
1006 1553 1086 1616 item
1109 1553 1223 1617 variae
1241 1555 1278 1618 in
1294 1554 1344 1619 de-

191 1662 297 1747 genda
311 1665 420 1726 aetate
433 1660 612 1740 felicitatis,
627 1659 869 1742 longaevitatis,
883 1679 1038 1743 generum
1053 1661 1189 1726 mortis:
1213 1668 1341 1745 praesto

191 1771 242 1831 est
264 1767 401 1849 denique
424 1766 457 1829 in
482 1764 606 1829 deliciis
630 1765 777 1830 habitum
801 1772 900 1850 caput
922 1768 1017 1851 longe
1036 1767 1243 1833 uberrimum
1260 1770 1338 1853 quod

191 1873 306 1937 est-de
336 1872 569 1937 inventoribus.
616 1871 788 1937 Praeterea
817 1873 961 1938 locorum
986 1875 1212 1939 communium
1236 1876 1337 1941 multi·

191 1980 336 2045 tudinem
351 1978 572 2044 Hebdomadis
592 1983 742 2062 aptorum
763 1980 851 2044 facili
866 1981 1000 2065 negotio
1015 2003 1032 2045 e
1047 1980 1185 2046 Valerio
1199 1982 1334 2049 Maximo

191 2109 378 2171 coacerves,
409 2086 602 2171 praesertim
634 2087 662 2150 si
693 2087 728 2151 in
762 2109 888 2151 morum
920 2087 1128 2170 disciplinam
1164 2087 1334 2155 Varronem

191 2195 323 2279 longius
349 2193 567 2278 exspatiatum
591 2193 773 2258 credideris.
819 2194 910 2258 Adde
934 2195 1021 2259 vitae
1044 2195 1259 2261 condiciones
1281 2199 1334 2262 sin·

191 2302 335 2387 gulares,
366 2323 448 2385 qnae
478 2322 538 2365 nec
567 2299 659 2365 nullo
689 2322 749 2365 nec
779 2301 927 2384 proximo
957 2324 1030 2366 cum
1053 2301 1138 2386 ipsis
1163 2303 1291 2369 artibus
1311 2308 1335 2369 et

192 2409 312 2474 litteris
336 2408 466 2472 vinculo
489 2407 680 2472 coniunctae
704 2412 794 2472 sunt:
822 2429 881 2471 nec
905 2408 991 2472 enim
1015 2409 1123 2493 magis
1149 2414 1184 2474 et
1206 2411 1335 2495 vatibus,

137 2515 426 2600 xnchresmologis
452 2536 524 2578 cum
548 2511 696 2597 Sibyllis,
720 2514 955 2596 sacerdotibus,
978 2514 1087 2598 legum
1111 2516 1291 2603 latoribus,
1309 2519 1335 2583 id

192 2643 293 2707 genus
325 2622 398 2686 aliis
427 2626 498 2685 erat
526 2643 582 2684 cur
605 2621 694 2684 locus
718 2620 945 2705 denegaretur,
975 2642 1034 2684 nec
1056 2623 1166 2708 magis
1189 2625 1336 2689 credibile

192 2732 242 2792 est
265 2733 387 2811 septem
407 2727 569 2811 sapientes
590 2726 786 2791 Graecorum
806 2749 903 2810 quam
922 2732 1047 2811 septem
1067 2750 1163 2813 reges
1178 2730 1336 2798 Romanos

192 2835 438 2918 praetermissos
463 2856 542 2899 esse.

281 2940 355 3004 Non
386 2940 568 3005 mehercule
592 2942 658 3006 ullo
684 2942 779 3008 modo
803 2943 1025 3007 contendimus
1049 2944 1107 3008 illa
1132 2967 1256 3030 genera
1277 2969 1338 3012 om-

191 3048 246 3112 nia
268 3047 453 3133 Imaginum
478 3031 702 3113 'voluminibus
731 3050 797 3113 suis
823 3048 1002 3115 Varronem
1028 3056 1238 3134 persecutum
1262 3075 1338 3118 esse:

192 3155 248 3219 sed
279 3155 425 3238 exemplo
457 3177 527 3219 esse
557 3159 683 3219 tantam
712 3156 911 3220 celebritatis
944 3158 1070 3241 copiam
1095 3162 1128 3223 et
1152 3160 1339 3224 varietatem

191 3263 354 3345 volumus,
381 3284 478 3345 quam
502 3262 672 3346 multiplex
697 3264 871 3328 inlustrata
896 3287 915 3328 a
938 3263 1087 3329 Varrone
1111 3268 1255 3332 materia
1275 3288 1339 3332 esse

191 3370 347 3452 potuerit:
376 3370 431 3433 sed
461 3374 666 3453 argumento,
696 3393 792 3454 (luam
816 3371 898 3434 nihil
924 3371 957 3435 in
981 3370 1042 3435 hac
1066 3375 1231 3437 certorum
1254 3374 1340 3438 testi·

192 3477 374 3540 mo'niorum
402 3477 567 3559 paucitate
592 3499 664 3540 curn
688 3478 799 3561 aliqua
822 3477 1020 3541 confidentia
1044 3477 1186 3543 divinari
1212 3479 1252 3545 de
1275 3480 1340 3544 illo

192 3603 265 3643 rum
295 3580 450 3646 librorum
475 3585 651 3666 partitione
674 3585 788 3667 possit.
835 3584 909 3649 Nisi
934 3585 1019 3668 quod
1043 3585 1091 3648 ita
1114 3585 1217 3650 etiam
1240 3587 1339 3673 magis

192 3686 400 3770 perspicitur,
430 3689 592 3772 quomodo
624 3690 705 3754 illud
729 3690 835 3754 Varro
866 3692 1035 3755 instituere
1064 3693 1212 3773 potuerit
1235 3696 1272 3758 ut
1292 3715 1340 3758 ex·

191 3797 280 3855 terae
300 3797 333 3857 et
351 3793 547 3861 domesticae
567 3797 697 3861 virtutis
716 3798 827 3862 laudes
844 3799 1063 3882 aliquomodo
1079 3804 1299 3883 exaequarent
1333 3848 1340 3861 .

191 3897 278 3961 Nam
303 3900 331 3963 si
355 3901 389 3964 in
413 3903 606 3987 quibusdam
628 3904 774 3988 partibus
795 3906 847 3969 vix
867 3905 1011 3969 habebat
1029 3927 1108 3969 sane
1123 3905 1340 3971 Romanorum

192 4006 304 4088 inopia
323 4008 406 4090 quod
428 4030 499 4072 cum
518 4008 714 4074 Graecorum
734 4012 939 4094 praestantia
958 4011 1218 4114 contenderet*),
1237 4017 1340 4079 tamen

281 4235 306 4304 ⁸)
325 4235 398 4289 Dum
416 4235 445 4290 in
464 4253 497 4290 eo
516 4239 560 4292 est
578 4238 771 4308 typographus
785 4240 818 4292 ut
831 4238 939 4307 prelum
955 4242 1091 4308 exerceat,
1106 4258 1196 4296 novas
1210 4240 1340 4312 quasdam
