2932 5026
176 326 241 392 366
340 396 348 412 .
530 329 535 340 ‘
597 343 644 389 us
667 343 703 389 n.
717 341 893 389 varronis

176 486 283 549 varias
306 489 411 549 terras
434 485 664 569 peregrinatio,
686 485 823 566 per'urlus
842 482 930 547 dicta
948 483 1150 567 simpliciter,
1176 487 1210 547 et
1226 507 1294 568 appi

176 594 315 657 uebatur
338 597 371 657 et
394 593 643 676 comparabatur
661 595 829 674 tamquam
853 589 962 654 itineri
987 590 1113 653 cuidam
1138 611 1196 672 per
1218 590 1294 674 phili

178 699 327 781 sophiam
356 699 488 781 eiusque
517 699 625 762 varias
655 698 803 783 regiones
831 695 928 760 faeta.
962 733 1005 739 —
1039 694 1215 760 Praeterea
1237 698 1294 761 loce

178 804 423 888 philosophicos
446 808 604 869 tractatos
629 827 698 868 esse
722 805 756 867 in
776 803 1032 887 Antiquitatium
1055 805 1233 884 prooemiis
1255 805 1294 888 ips

179 909 283 976 Varro
306 915 447 976 testatur
470 911 555 995 apud
579 910 767 976 Ciceronem
783 909 935 975 Academ.
950 908 973 991 Ι,
989 909 1023 971 2:
1046 908 1084 972 ‹le
1108 931 1173 992 qua
1194 930 1228 972 re
1250 909 1294 973 sul

176 1018 279 1082 tiliter
302 1018 483 1101 disputavit
500 1018 687 1083 Krabnerus
712 1018 731 1080 l.
747 1039 804 1081 ss.
824 1039 855 1099 p.
872 1017 969 1098 14sq.
981 1051 1024 1058 —-
1036 1011 1099 1078 Sed
1118 1019 1244 1097 praeter
1261 1014 1294 1079 hc

137 1141 162 1180 1⁰
178 1125 244 1187 sive
275 1129 341 1189 tres
372 1127 440 1189 sive
472 1129 627 1209 quattuor
657 1125 746 1188 locos
770 1125 805 1187 de
821 1120 1019 1204 pbilosophis
1042 1118 1232 1203 Varronem,
1262 1121 1294 1185 ba

177 1230 306 1313 quidem
321 1232 530 1315 inscriptione
546 1232 760 1316 usum,etiau1
781 1231 814 1292 in
829 1228 1085 1310 Disciplinarum
1104 1226 1198 1290 libris
1216 1226 1294 1292 dedit

178 1359 277 1421 opera
295 1337 492 1421 exposuisse,
515 1359 581 1401 uon
598 1341 725 1400 tantum
745 1335 878 1420 probari
898 1334 1020 1418 nequit,
1044 1333 1101 1396 red
1119 1333 1294 1399 confidenti

177 1443 257 1506 sime
282 1443 465 1527 negandum
490 1446 548 1507 est.
761 1532 781 1594 9

267 1651 609 1735 Circumspicientibus
633 1653 720 1717 enim
743 1653 848 1736 nobis,
871 1674 953 1736 quae
971 1653 1118 1735 potuerit
1135 1653 1169 1717 in
1187 1653 1294 1738 reliqu

177 1782 247 1824 rum
272 1760 393 1823 artium
413 1759 601 1824 societatem
621 1762 724 1825 ascita
743 1782 813 1824 esse
832 1759 1015 1844 disciplina,
1039 1764 1072 1824 et
1091 1765 1241 1844 tanquam

177 1871 292 1949 sponte
321 1890 355 1931 se
383 1867 478 1931 offert
505 1870 538 1932 et
565 1867 651 1932 hune
679 1869 785 1933 locuni
816 1867 951 1931 firmiter
981 1871 1092 1932 tuetur
1121 1867 1294 1933 medici:

177 1971 260 2036 Eam
282 1995 350 2037 non
372 1974 472 2038 semel
496 1975 673 2058 reperimus
696 1975 731 2038 in
754 1975 834 2058 ipsis
858 1974 1093 2039 liberalibus
1117 1974 1239 2038 artibus
1260 1973 1294 2037 Ιῐ

177 2079 290 2163 bitam,
313 2084 349 2144 ut
373 2078 513 2145 Senecae
535 2083 628 2165 epist.
650 2082 702 2165 95,
721 2083 755 2145 9:
778 2083 863 2146 adice
884 2102 975 2164 aelric,
997 2083 1080 2163 arrad
1101 2085 1183 2144 artes
1204 2100 1294 2161 arog

172 2186 346 2266 pleraeque,
373 2187 467 2251 immo
490 2209 527 2251 ea
550 2188 691 2252 arrreibas
714 2189 959 2267 liberalissimae,
981 2187 1094 2251 lrabeat
1114 2189 1230 2251 decreta
1249 2203 1294 2251 sa

176 2312 239 2355 aaa
272 2297 394 2357 tartara
419 2299 597 2376 praecepta,
628 2296 708 2359 sicel
737 2297 897 2360 raalicina.
944 2292 1051 2369 Quid?
1084 2294 1169 2376 quod
1196 2293 1259 2357 iam

177 2397 279 2463 Iulius
294 2397 414 2464 Caesar
436 2423 501 2465 una
524 2402 690 2467 coniunxit
713 2423 815 2467 ariera
837 2403 1021 2466 medicinam
1034 2400 1153 2464 Raptae
1168 2400 1294 2483 preses

176 2510 205 2569 et
227 2506 401 2571 liberalium
424 2510 541 2572 artium
563 2511 704 2587 (locares,
728 2532 808 2593 quos
832 2509 963 2573 civitate
986 2508 1124 2572 donaret
1146 2511 1229 2570 teste
1246 2504 1294 2571 S

176 2613 269 2678 tonio
298 2636 323 2678 c.
347 2615 400 2679 42.
445 2615 533 2681 Nolo
562 2618 647 2679 enim
676 2616 715 2681 ad
745 2617 927 2698 posteriora
959 2615 1089 2679 saecula
1123 2613 1262 2678 descend
1277 2637 1294 2671 ι

177 2721 293 2803 quibus
316 2724 445 2787 medicos
468 2723 518 2786 rel
541 2723 711 2786 arel-iabus
730 2745 802 2788 eum
818 2723 1040 2804 praruoratiers,
1058 2721 1294 2801 aralerilms,1

177 2827 330 2909 losopbiae
349 2830 610 2911 praeceptoribus,
637 2832 795 2913 irrupistis
823 2830 872 2893 vel
892 2829 1118 2911 professoribus
1141 2829 1294 2892 litterar-i

176 2937 294 2998 arliiuu
318 2937 491 3000 liberalium
513 2937 738 3018 professoribus
760 2937 933 3000 iunxerunt
956 2935 1178 2999 Theodosieni
1203 2933 1294 2998 cod:

177 3039 265 3123 leges
280 3039 409 3124 Xlll,3,
422 3043 448 3104 1.
463 3042 493 3105 3.
511 3045 616 3127 llisqa
640 3044 679 3106 de
699 3043 816 3126 quibus
831 3043 1033 3126 temporibus
1050 3042 1201 3106 dixerunt
1215 3040 1288 3106 Ga

177 3146 250 3227 pius
265 3151 375 3211 noster
389 3169 504 3211 comm.
518 3148 557 3211 de
571 3149 810 3232 professoribus
831 3154 862 3213 ct
882 3149 1015 3214 medicis
1035 3171 1210 3232 eorumque
1225 3146 1294 3231 pri

178 3252 273 3335 legiis
288 3251 507 3318 Vratislaviae
527 3278 554 3319 a.
568 3257 650 3320 1827
667 3256 754 3319 edita
773 3259 806 3319 et
819 3255 976 3321 Baehriue
996 3257 1071 3320 diss.
1086 3256 1125 3320 de
1139 3257 1294 3320 litterar!

178 3359 390 3426 universitate
404 3360 688 3447 Constantinopoli
704 3361 733 3425 V
752 3386 781 3447 p.
797 3361 871 3427 Chr.
885 3386 916 3428 n.
931 3384 1012 3427 saec.
1029 3361 1158 3426 condita
1177 3359 1294 3445 (lleid

178 3468 296 3552 bergae
321 3493 348 3534 a.
376 3467 474 3554 1835)
503 3492 534 3553 p.
558 3472 639 3554 8sq.
685 3469 766 3534 Cum
791 3470 863 3553 ipsa
887 3474 993 3534 autem
1019 3469 1294 3533 architecturae]

178 3574 319 3639 diciuem
334 3576 446 3641 Cicero
471 3577 653 3659 composuit
675 3578 714 3640 de
728 3577 812 3641 offic.
826 3577 850 3659 l,
865 3578 920 3641 42:
943 3576 1054 3657 prrrbrrs
1076 3581 1179 3639 arrian
1202 3574 1294 3638 arbl‘·

177 3687 233 3743 aut
248 3682 418 3762 prudentia
440 3683 541 3744 ruaior
563 3683 642 3746 iaest
663 3689 719 3746 uret
740 3705 803 3747 roa
825 3685 984 3747 mediocris
1009 3683 1130 3746 utililas
1152 3682 1294 3762 pluent!

177 3792 213 3848 iel
233 3788 451 3870 rirerliciriaat
472 3786 674 3851 architectura
697 3811 722 3852 c.
746 3812 775 3873 q.
801 3812 837 3853 s:
862 3791 939 3853 item
964 3787 1180 3853 Cassiodorus
1195 3787 1294 3858 Varie.

141 3963 144 3969 ,
177 3893 234 3977 ΙΙΙ,
249 3895 305 3959 52:
325 3896 521 3978 peoraelriam
536 3946 543 3960 .
558 3945 565 3959 .
580 3947 588 3961 .
602 3894 750 3961 Cliablaei
766 3898 907 3978 priruiuu
930 3896 1080 3960 invertisse
1102 3902 1294 3962 rrwrrcranta:

177 4003 232 4081 qui
253 4004 403 4066 rationem
426 4003 526 4084 ipsiirs
548 4003 729 4084 ‹lbeipliaue
747 4005 930 4085 porcioliler
952 4003 1124 4085 callipontis
1137 4009 1165 4068 cl
1178 4006 1211 4068 ia
1224 4011 1294 4071 astri

176 4109 305 4171 arausicis
322 4110 411 4174 rebus
428 4115 455 4172 et
472 4111 508 4173 in
524 4111 651 4175 milacis
669 4116 697 4174 el
714 4112 749 4174 ia
762 4111 945 4175 mechanicis
958 4117 986 4174 ct
1000 4112 1034 4174 ire
1052 4114 1294 4195 urrla‘leetlonba'

176 4219 205 4276 et
226 4214 269 4276 arl
289 4215 471 4278 riedirierum
494 4221 522 4279 ct
543 4218 587 4281 ad
607 4221 704 4279 ariera
728 4217 919 4300 loyisiieam.
943 4269 950 4282 .
975 4270 981 4283 .
1004 4225 1112 4300 apaturii
1134 4241 1197 4284 esse
1217 4222 1294 4287 decre

176 4327 259 4385 niret.
305 4319 367 4385 Sed
395 4321 446 4384 his
474 4326 583 4387 tamen
612 4324 787 4388 levioribus
817 4347 894 4391 sane
922 4326 1049 4389 indiciis
1078 4326 1146 4389 noli
1175 4332 1294 4395 nostrai

176 4428 215 4492 de
248 4432 387 4494 tractata
420 4453 439 4493 a
468 4429 613 4495 Varrone
646 4432 807 4497 medicina
839 4433 1032 4497 sententiam
1067 4438 1294 4515 superstructa
