2932 5026
425 337 640 387 rmvnsavu
661 336 975 387 rnanurmuanvu.
1200 316 1266 385 287

132 475 250 563 gaudis,
262 478 317 564 qui
334 479 369 545 in
383 478 504 546 Porlcti
522 481 662 547 maxime
680 483 714 547 et
727 476 920 547 Rcinlrardti
938 476 1125 543 narratione
1142 498 1268 544 errores

136 579 218 651 haud
240 586 332 671 pauci
360 588 526 653 commissi
555 592 644 671 sunt,
675 587 797 655 diutius
828 584 997 653 immorari
1023 605 1082 671 per
1106 584 1269 671 angustis-

143 688 231 757 simos
249 692 342 759 liuius
369 695 529 779 prooemii
555 696 637 762 fines
659 693 761 761 licuit
806 690 961 781 Sequitur
982 712 1083 777 nunc,
1114 694 1151 757 ut
1172 691 1268 757 ouius

148 795 263 865 alieuius
291 802 470 886 particulae
503 800 716 868 Terentianae
748 801 847 886 plena
878 805 912 866 et
939 799 1080 885 integro,
1111 801 1269 884 quantum

152 905 259 987 quidem
282 906 353 972 lieri
379 908 497 992 possit,
529 908 708 995 scripturae
736 908 909 975 diversitas
935 911 1151 992 proponaturr
1184 904 1269 992 quod

156 1014 330 1095 quantumvis
352 1014 528 1081 molestum
550 1037 616 1081 non
638 1037 738 1081 unam
761 1014 803 1083 ob
827 1034 974 1081 caussam
997 1012 1138 1097 accidat,
1160 1015 1269 1077 tamon

159 1119 242 1201 omitti
263 1142 299 1187 eo
325 1121 581 1207 minuspotest,
611 1145 675 1209 quo
698 1123 817 1189 certius
848 1120 910 1212 hac
936 1143 1002 1187 nna
1030 1120 1084 1187 via
1112 1119 1269 1185 librorum

162 1222 227 1291 iuter
242 1248 271 1292 ae
290 1227 520 1296 similitudines
543 1229 887 1315 dissimilitudinesque
915 1232 1002 1294 recta
1030 1226 1171 1313 perspici
1199 1247 1270 1313 per·

108 1392 114 1401 .
162 1350 261 1399 mesum
279 1334 438 1403 habemus
461 1341 494 1402 et
516 1359 577 1403 usu
600 1337 855 1421 comprobatum.
900 1334 984 1401 Eam
1012 1333 1054 1400 ad
1080 1356 1150 1399 rem
1173 1333 1270 1419 elegi·

164 1454 218 1501 ³¹1⁸
232 1438 383 1523 Adelpdoo
405 1443 549 1527 initium,
572 1446 606 1509 et
627 1442 746 1509 litteris
770 1442 900 1528 quidem
922 1442 965 1525 A,
986 1438 1030 1526 Β,
1052 1438 1081 1507 θ
1100 1439 1271 1507 brevitatis

165 1560 249 1610 rausa
265 1547 462 1634 signavimus
485 1572 505 1615 a
526 1549 693 1617 nobismet
715 1548 796 1634 ipsis
814 1553 891 1634 post
903 1547 1067 1615 Faernnm
1089 1545 1194 1613 denuo
1216 1568 1270 1611 ex·

165 1668 245 1719 mos
258 1654 451 1741 Betim,
468 1656 704 1742 Baeticorum,
727 1656 925 1723 Vaticanum
946 1676 1006 1721 nec
1027 1659 1141 1721 tamen
1153 1652 1271 1719 Faerui

166 1752 241 1839 ΜΝ
256 1762 441 1831 ῒεεὶὶιιιωία
462 1763 641 1850 omisimus,
663 1769 701 1830 ut
723 1785 821 1849 quam
843 1764 901 1829 ille
919 1784 954 1829 ae
971 1761 1162 1849 diligentem
1180 1782 1272 1847 prae·

167 1860 256 1933 ditarit
272 1874 496 1956 cognoscatur.
526 1869 588 1937 His
610 1871 735 1938 accedit
748 1870 976 1937 Aortrooiomrs
988 1866 1053 1956 (D)
1072 1868 1115 1935 ab
1130 1869 1170 1934 A.
1183 1866 1272 1934 Maio

168 1976 275 2053 npcrtm
305 1998 433 2063 unaque
465 1999 538 2043 cum
565 1976 675 2044 Plauti
706 1977 900 2064 fragmentis
933 1976 1066 2043 ineditis
1093 1974 1272 2042 Mediolani

169 2075 265 2164 mlssato
284 2084 416 2151 21815
438 2083 551 2150 libello
574 2084 779 2170 aliquatenus
796 2083 991 2169 descriptus:
1013 2086 1179 2167 postremo
1198 2081 1301 2148 Vin-o

168 2180 305 2257 &buda
338 2190 561 2278 fragmentum
596 2191 679 2257 satis
714 2192 884 2277 antiquum
910 2186 985 2277 (E),
1019 2190 1055 2255 in
1085 2188 1273 2257 Endlicheri

170 2282 337 2365 tannes.
351 2296 483 2364 Vindl
506 2322 537 2385 p.
555 2300 577 2365 2
599 2320 704 2384 nuper
725 2298 930 2365 recensitum.
962 2296 1106 2375 Quorum
1129 2296 1273 2363 omnium

171 2398 314 2471 untione
332 2410 371 2471 ut
388 2405 572 2471 accuratior
584 2404 761 2491 descriptio
775 2404 855 2471 olim
868 2402 958 2471 foras
972 2402 1075 2469 datur.
1101 2402 1275 2469 Praeterea

171 2496 299 2575 Pliten
325 2511 510 2578 notavimus
532 2512 715 2579 Holomm:
746 2511 880 2593 reliquos
902 2515 1011 2576 aufem
1033 2532 1108 2575 cum
1130 2510 1275 2591 dicimus,

171 2616 253 2680 Μάνου
272 2617 492 2703 significamus
515 2619 655 2706 quinque
679 2642 752 2685 cum
775 2617 919 2683 Halensi.
964 2617 1087 2683 Dahis
1110 2640 1166 2682 sex
1189 2616 1276 2682 codi-

172 2712 233 2783 tibus
253 2724 316 2788 sive
340 2724 500 2789 universis
524 2728 592 2790 sive
616 2725 752 2810 singulis
778 2726 832 2789 ubi
855 2730 1014 2809 locemus,
1037 2724 1202 2789 sciendum
1225 2729 1276 2788 est

171 2837 220 2887 ⁰⁰11]
235 2826 352 2895 Bentlei
376 2831 535 2916 scripturo
558 2856 612 2897 cos
637 2833 834 2914 consentire,
867 2831 1140 2915 Guelferbytanos
1164 2837 1273 2895 autem

172 2928 355 3003 etPalatinos
383 2938 503 3003 nullius
527 2940 658 3004 nomine
682 2939 854 3004 distinctos
879 2938 1081 3005 Perletionos
1105 2942 1138 3003 et
1161 2938 1274 3003 Pareo·

171 3048 211 3098 Μ
227 3063 293 3109 esse.

219 3196 242 3253 G.
259 3202 362 3273 Sulpici
382 3204 553 3274 Apollinaris
571 3203 708 3259 Periocha
722 3207 757 3259 A.
791 3207 994 3275 Argumentum
1013 3206 1054 3260 nel
1072 3205 1175 3275 Incipit
1189 3207 1277 3273 Argu·

172 3289 261 3344 uentum
276 3294 376 3362 reliqui
393 3294 418 3346 fr.
439 3312 460 3349 e.
479 3294 621 3348 BGDEF
740 3303 752 3347 l
774 3294 996 3349 adolescentulos
1015 3294 1046 3348 F
1156 3301 1172 3348 2
1191 3295 1277 3349 aesci-

173 3378 278 3433 ummo]
400 3390 416 3435 3
448 3383 497 3436 scd
520 3386 549 3437 at
571 3382 747 3453 tesiphoncm
771 3400 864 3436 socom
883 3384 999 3450 retinet,
1022 3384 1120 3437 orrriaso
1138 3384 1225 3451 hunc,
1251 3384 1280 3436 Ε

246 3470 434 3539 cytharistriae
454 3472 543 3524 ΗΕΓ
648 3479 664 3525 5
684 3473 794 3527 colebat
814 3473 849 3525 Ι).
869 3473 997 3528 caelabat
1016 3472 1046 3526 F
1150 3472 1279 3527 cochinus

174 3543 198 3612 Ε,
209 3558 272 3613 dion
288 3579 312 3616 c.
332 3568 351 3613 3
475 3561 580 3615 famam
599 3546 725 3632 quoque]
746 3562 849 3616 famam
868 3562 909 3616 rei
927 3563 963 3616 A.
1000 3562 1161 3631 famamque
1179 3562 1279 3630 reliqui

248 3655 262 3702 6
285 3667 344 3704 sese
363 3652 399 3703 A.
437 3666 466 3704 se
489 3652 588 3720 reliqui
610 3657 636 3705 et
658 3651 795 3705 Boltioni
937 3650 1125 3706 transforabat
1144 3650 1173 3703 1)

174 3729 341 3797 lphidicinam
361 3741 387 3792 A
514 3740 600 3810 eripit
618 3741 712 3796 lenoni
730 3744 765 3796 Λ.
803 3742 897 3796 lenoni
916 3740 1005 3811 eripui
1023 3759 1057 3794 m.
1071 3757 1114 3809 pr.
1131 3740 1160 3794 0.
1186 3739 1279 3794 lenoni

173 3815 245 3887 “luit
262 3829 316 3882 rell.
426 3828 581 3884 uiciauerat
604 3830 634 3882 Ε
757 3830 895 3885 8Eidom
914 3832 940 3884 A
1067 3829 1127 3883 ciue
1147 3831 1173 3882 A

173 3902 261 3999 lton
282 3916 330 3988 oo
352 3934 437 3987 paup.
461 3918 490 3971 n
617 3925 648 3973 10
676 3919 787 3989 iurgare
812 3918 943 3985 onor,
970 3918 1180 3985 notatores.
1206 3922 1230 3972 1.
1250 3922 1278 3971 o.

173 4006 253 4066 mttere
268 4008 296 4060 et
313 4006 352 4072 Ι),
370 4005 467 4060 Bottiae'
485 4007 576 4065 Berol.
597 4014 620 4062 1.
641 4013 667 4062 3.
687 4008 799 4063 Ifelmat.
837 4008 948 4077 iurgare
966 4024 1000 4061 ac
1018 4007 1109 4062 Berol.
1128 4012 1156 4061 2.
1189 4008 1280 4073 iurga-

173 4078 281 4147 ΜΕ
391 4094 477 4166 serre]
495 4094 604 4151 ferebat
622 4096 653 4149 n
768 4104 798 4151 11
825 4096 873 4165 νη
893 4096 930 4150 m
948 4096 975 4150 A
1094 4100 1126 4149 η
1151 4094 1280 4150 montom

172 4168 197 4224 Α·
222 4195 274 4237 aaa
293 4182 423 4238 uitiatam
442 4184 532 4239 ciuem
551 4185 668 4241 atticam
687 4187 822 4256 uirginem
843 4202 956 4241 uxorem
971 4184 1089 4251 BGDF,
1107 4184 1280 4239 Lindmtro-

171 4257 210 4315 clir'
221 4266 313 4339 Raptus
334 4279 360 4327 et
380 4273 465 4339 Pico,
479 4280 504 4326 et
524 4274 574 4328 ‘sic
591 4275 662 4341 fere'
683 4276 825 4330 Bottiam'.
863 4292 946 4330 asae
965 4274 1098 4330 niciatam
1117 4274 1178 4330 eino
1197 4273 1282 4343 uirgi-

171 4362 215 4444 ΠΨ
229 4362 335 4417 atticam
354 4379 469 4417 uxorem
489 4362 519 4414 Ε
625 4363 736 4433 tesipho
756 4364 784 4417 Il
892 4363 1093 4419 citharistriam
1112 4364 1147 4417 A.
1194 4363 1282 4417 cithu·

170 4442 239 4500 mida
257 4451 337 4520 (syth.
359 4452 456 4521 0⁸1AE)
480 4455 594 4508 exorato
617 4469 667 4507 suo
690 4456 770 4522 patre
793 4452 862 4508 duro
881 4451 981 4507 demea
998 4450 1147 4517 BCDEF,
1171 4450 1238 4521 ch.
1256 4456 1282 4505 ct
