2932 5026
401 340 645 404 ovnnsuiouns
667 340 1003 392 ouonnonomenn.
1207 324 1275 389 335

151 482 277 571 amplo
299 482 469 571 fflpunuto
489 482 620 571 plenius
641 484 826 571 perspicere
848 482 1060 551 etudeemne?
1104 480 1274 549 Sciendum

146 594 191 671 est
207 590 290 657 enim
312 590 539 659 Plentinemm
561 588 690 677 quidem
713 612 927 677 personemm
949 591 1047 677 longe
1069 588 1150 655 ideo
1173 590 1275 655 mexi-

138 718 218 765 m
243 700 371 785 purtem
401 698 527 765 frustm
556 696 643 783 apud
675 696 824 783 Pupium,
845 696 970 783 quaeri,
1005 694 1274 763 Terentiunemm

135 806 237 871 subm
266 802 388 869 ideireo
417 806 550 871 tuntum
580 804 684 869 multo
712 804 887 888 minorem,
917 802 1004 889 quod
1032 804 1062 869 ie
1089 808 1189 888 poete
1215 824 1275 869 nee

133 908 416 977 minorum
437 908 608 1007 nominum
629 908 896 977 eonsuetudinem
918 908 1058 975 excessit
1079 931 1139 977 nee
1161 930 1275 976 eorun-

134 1016 206 1083 ιΙιι
222 1016 258 1085 in
277 1016 416 1083 disemis
437 1014 558 1083 subulis
576 1017 804 1103 repetitionem
822 1016 891 1083 ullo
910 1014 1007 1083 modo
1025 1016 1160 1103 fugiv)
1198 1016 1274 1097 Qui·

136 1124 197 1189 Ιιιι
222 1122 327 1211 push‘s
354 1122 414 1191 ubi
442 1146 547 1211 penes
574 1123 713 1191 eliorum
742 1124 927 1210 fragmenta
954 1123 1113 1218 innueris,
1143 1122 1275 1191 omissis

142 1230 258 1317 «pidem
278 1229 380 1297 nimis
400 1228 454 1297 vel
475 1230 608 1297 incertis
630 1230 682 1297 vel
706 1230 869 1315 corruptis
885 1229 1093 1309 testimoniis,
1114 1251 1274 1297 novorum

144 1335 293 1403 nmmum
319 1335 451 1403 eireiter
472 1333 525 1402 ch
553 1335 795 1403 multitudinem
824 1336 954 1431 prodire
981 1358 1047 1404 non
1071 1338 1142 1403 siue
1165 1338 1275 1425 ulique

150 1440 301 1509 mistione
327 1442 511 1529 intelleges
555 1442 669 1529 Iloque
695 1463 830 1509 numero
858 1442 917 1510 ille
944 1465 1010 1510 non
1032 1442 1275 1528 comprehendi·

103 1546 108 1551 ’
153 1570 221 1635 ιιι,
241 1570 323 1635 quse
348 1569 424 1615 eum
450 1548 557 1615 edluue
584 1548 743 1635 singulari
770 1548 960 1615 testimonio
984 1550 1094 1637 eliqno
1116 1550 1276 1617 innotuis·

157 1658 222 1741 eut,
241 1676 308 1725 non
334 1676 415 1721 sene
437 1676 710 1741 superveeuneum
734 1677 753 1722 e
775 1654 944 1723 eomoedie
964 1656 1070 1724 letius
1090 1658 1273 1723 firmamen-

159 1760 209 1825 lm
224 1760 379 1829 obtinent
420 1760 540 1840 Qualis
560 1767 637 1829 sunt
659 1785 676 1828 e
700 1763 839 1849 singulis
860 1762 1130 1848 inseriptionibns
1148 1764 1276 1850 prolate

164 1864 338 1945 lupettiou
355 1866 570 1955 ffisullsnse,
591 1866 772 1950 Ἐρώτιον
789 1867 989 1936 Meneeehm
1011 1875 1046 1936 et
1063 1868 1204 1955 Turpilii
1223 1892 1275 1957 ep.

163 1966 223 2039 llus
238 1974 679 2059 lundoniensem
707 1998 757 2062 up.
780 1974 864 2043 Non.
887 1978 952 2045 268
976 1976 1175 2063 Oueeiliique
1198 1977 1274 2045 ibid.

165 2076 339 2167 wesen,
359 2082 391 2149 2.
415 2084 472 2149 11:
503 2084 554 2150 vel
587 2107 605 2150 e
637 2084 775 2171 singulis
805 2084 948 2151 nummis
977 2086 1081 2171 petitu
1109 2084 1274 2151 thivot

166 2176 276 2267 letum,
296 2188 428 2257 Δόναξ
449 2188 534 2257 Eun.
550 2192 583 2274 4,
606 2190 637 2275 l,
653 2190 685 2273 2,
707 2190 957 2271 Φανοκρὰτηι
978 2190 1097 2259 Heeut
1118 2194 1150 2276 ὃ,
1168 2192 1199 2274 o,
1220 2192 1274 2258 ll:

166 2288 239 2357 ule
267 2294 405 2383 singulis
435 2296 683 2382 epigremmutis
714 2296 886 2379 Δόρκιον
916 2296 1047 2365 Ρ1ιοιιιι.
1078 2298 1110 2381 1,
1137 2298 1173 2381 2,
1203 2282 1276 2382 102,

166 2388 303 2469 tetius
323 2400 441 2469 Pseud.
456 2404 485 2489 1,
503 2404 534 2488 2,
552 2404 598 2469 ot
619 2408 654 2469 et
672 2400 832 2469 Oomieul.
851 2425 903 2488 up.
920 2402 1007 2469 Non.
1026 2405 1099 2488 147,
1120 2404 1276 2484 (κίρτοι

168 2496 250 2589 liupr.
271 2508 300 2593 1,
320 2510 353 2593 2,
374 2508 406 2593 3,
428 2508 574 2576 Φάνιον
602 2508 734 2576 Phorm.
760 2510 788 2593 l,
809 2510 840 2593 4,
863 2510 916 2577 24.
937 2511 980 2576 41
1010 2514 1044 2576 et
1066 2508 1199 2577 Oeeeilii
1222 2532 1275 2594 ep.

169 2600 259 2678 cistis.
278 2616 334 2681 80:
366 2616 416 2681 vel
449 2638 488 2681 ex
519 2639 585 2682 uno
614 2616 801 2701 Antiphane
829 2617 984 2699 Δωριάς
1011 2616 1108 2700 Eum,
1139 2639 1177 2683 ex
1209 2639 1274 2682 uno

169 2708 274 2784 liotore
298 2710 566 2803 Ἀρχιδημίδη(
593 2720 711 2787 Beeeh.
735 2722 764 2804 2,
789 2722 819 2787 3.
842 2724 874 2801 4,
895 2725 931 2805 4,
959 2745 997 2787 ex
1025 2746 1089 2789 uno
1113 2722 1275 2788 Peusenie

171 2819 353 2907 Μαχαιρίων
376 2828 484 2894 Aulul.
500 2831 576 2912 zu,
594 2831 625 2894 1:
648 2832 682 2892 et
704 2850 786 2913 quse
809 2827 841 2892 id
865 2850 967 2914 genus
991 2830 1055 2895 elia
1073 2853 1138 2895 non
1158 2830 1274 2915 exiguo

170 2943 264 2998 iuuere
291 2935 326 2999 in
354 2942 506 3019 promptu
537 2939 621 3000 sunt.
667 2933 713 2999 Vt
739 2934 822 2999 nihil
851 2935 890 2999 de
913 2936 960 2999 eie
984 2936 1103 3015 dicam,
1135 2959 1272 3022 quorum

170 3025 221 3099 litt
240 3041 283 3105 vel
309 3046 404 3109 teme
431 3042 578 3126 exemplu
608 3045 728 3106 extent.
753 3079 795 3087 -—
819 3040 943 3105 Deinde
967 3041 1029 3105 etsi
1053 3063 1118 3107 non
1142 3065 1274 3126 prorsus

172 3140 333 3231 deluimus,
360 3154 472 3213 temen
499 3171 571 3213 eum
600 3147 704 3213 deleet
690 3154 725 3212 tu
755 3170 813 3212 nee
843 3150 912 3213 sine
936 3147 1049 3214 dubita
1051 3149 1151 3215 tionis
1175 3150 1274 3233 signi-

172 3240 280 3319 tuton
305 3256 499 3340 recepimus,
527 3276 662 3338 quorum
691 3256 841 3320 etrelet
817 3256 895 3319 tleiu
918 3255 1064 3339 paullum
1088 3254 1273 3338 discrepans

172 3344 243 3421 lerna
263 3382 326 3427 uon
356 3384 373 3425 e
401 3383 518 3447 graeco
541 3362 688 3446 exemplu
713 3362 870 3443 ducenda,
901 3362 956 3426 sed
980 3360 1129 3427 licentiae
1154 3360 1273 3425 letinae

172 3448 263 3542 ¹5³8ssoe
288 3466 460 3532 tribuenda
487 3467 610 3533 videret
596 3474 657 3534 t.ur
703 3468 808 3533 Nee
800 3469 901 3551 igitur
928 3467 962 3530 iu
986 3465 1125 3529 iudicem
1149 3471 1199 3529 ret
1186 3467 1274 3529 ttuli-

171 3568 442 3657 11Μ’Ᾱρχίβουλοε,
467 3575 674 3656 Χαιρίβουλο(
698 3575 819 3639 formes
844 3577 977 3657 propter
1000 3572 1104 3636 letiuu
1127 3573 1275 3655 exempla

171 3660 405 3765 Chaeribulus,
431 3681 671 3745 Archibulus
700 3680 790 3744 Asin.
814 3678 843 3762 l,
870 3682 901 3763 1,
928 3680 1004 3743 103:
1032 3701 1090 3743 nee
1113 3681 1275 3759 Δημιφῶν

168 3786 263 3865 Propter
281 3785 470 3872 Demipho
490 3786 569 3851 Ciut
588 3785 684 3851 Mero.
704 3785 843 3867 Phorm,
867 3807 925 3850 neo
944 3784 1156 3866 Λημνιεελήνη
1181 3808 1276 3869 prop-

169 3912 340 3939 N—

211 3990 231 4063 Ἲ
246 3995 348 4062 uester
362 3997 393 4051 iu
407 4014 455 4052 sex
469 3998 627 4053 fabularum
637 3997 867 4051 'l'erentieusrum
882 3995 1006 4064 personis
1022 3994 1180 4051 Chremes
1195 3996 1275 4065 redit,

161 4074 364 4152 ltrl’ermeno,
383 4086 519 4154 Dromo,
538 4086 708 4152 Sostrate,
727 4084 769 4139 bis
784 4084 926 4149 Laches,
946 4084 1067 4153 Hegio,
1087 4086 1193 4154 Crito,
1213 4089 1277 4140 An-

159 4165 241 4242 tipho,
270 4173 486 4244 Pamphilus,
520 4174 700 4237 Phaedria,
735 4174 832 4239 Geta,
869 4176 985 4242 Syn-us,
1015 4174 1138 4242 Davus,
1167 4174 1276 4239 Sosin,

153 4254 279 4319 docebis
315 4263 400 4333 Apud
418 4263 549 4319 Plautum
572 4267 704 4333 quattuor
728 4267 837 4318 tuntum
858 4263 971 4317 uomina
988 4262 1137 4319 itemutur:
1166 4263 1274 4318 (lulli-

148 4347 202 4404 eles
221 4352 295 4408 Trin.
320 4353 416 4421 Tmo,
440 4354 607 4409 Charinus
627 4352 710 4408 Mero.
731 4352 842 4419 ismiel,
867 4351 1066 4407 Charmides
1095 4354 1164 4409 liud.
1189 4352 1276 4420 'l'rin.,

140 4438 293 4512 demipho
312 4440 379 4497 Cist.
399 4442 483 4497 Mero.
