2932 5026
165 107 229 172 536
498 124 613 171 ursona
637 104 781 172 vanao’s
806 122 984 170 rusoruvu

165 271 250 351 sunt,
274 290 372 332 unum
397 271 523 332 tantum
543 267 726 350 exemplum
746 267 793 330 ita
812 267 1037 350 comparatum
1057 268 1117 348 est,
1138 270 1175 330 ut
1191 267 1325 334 disede

164 397 237 439 cum
266 396 383 460 genere
412 380 444 440 et
473 374 657 439 nominibus
681 374 757 438 libri
782 371 979 438 Varroniani
1003 393 1173 437 numerum
1195 396 1337 459 suppe-

165 481 259 545 ditet:
285 482 421 546 Ausonii
443 481 599 546 Mosellae
619 503 648 544 v.
664 481 728 545 306
744 502 791 564 sq.
813 479 1066 543 architectorum
1086 484 1208 564 septem
1225 503 1338 547 com-

165 588 372 671 memoratio,
405 587 543 651 ‘decimo
577 586 740 650 celebrata
775 585 938 650 volumine
971 584 1075 648 Marci
1110 585 1338 676 hebdomas’'⁴

164 716 246 777 quae
275 698 390 777 poetae
418 694 518 758 verba
546 714 617 757 eam
647 715 775 776 quoque
799 691 1103 775 interpretationem
1128 693 1338 763 admicuit:

164 805 201 864 ut
227 821 293 864 non
318 800 437 864 librum
461 799 619 863 decimum
626 851 635 882 ,
668 799 723 864 sed
752 799 909 864 decimam
942 797 1180 864 hebdomadem
1212 801 1338 887 signi-

165 906 310 992 ficent*),
335 907 363 971 si
383 906 513 991 quidem
533 906 681 991 singulae
700 905 919 970 hebdomades
938 905 1075 969 totidem
1095 907 1338 983 voluminibffi

167 1020 199 1079 et
227 1014 469 1078 continerentur
497 1016 529 1077 et
556 1017 804 1077 numerarentur
827 1009 893 1095 (cui
916 1012 1137 1095 dispertitioni
1160 1013 1240 1079 nihil
1260 1035 1338 1088 eas

164 1121 248 1205 quod
282 1121 415 1203 obstet,
437 1125 550 1184 contra
577 1119 690 1184 favent
722 1142 760 1184 ea
794 1141 875 1204 quaa
908 1118 948 1182 de
976 1122 1124 1184 ueterum
1156 1121 1338 1196 libromm

164 1227 289 1291 ambitu
316 1227 385 1310 ipse
409 1225 607 1291 Ritschelius
636 1226 762 1290 docuit:
796 1225 847 1290 die
871 1225 1078 1290 Alexandria.
1103 1227 1189 1292 Bibl.
1211 1250 1241 1311 p.
1258 1230 1338 1300 31,

167 1330 253 1419 123).
295 1332 365 1408 Quo
389 1334 477 1397 facto
501 1354 566 1397 non
591 1332 715 1397 decimo
739 1333 824 1397 libro
848 1332 1100 1397 architectorum
1125 1333 1323 1422 hebdomas,

164 1440 219 1503 sed
244 1461 281 1503 ex
304 1444 419 1504 nostra
438 1440 679 1523 computatione
699 1440 797 1505 tertio
816 1439 989 1505 tribuenda
1008 1441 1103 1504 foret.
1132 1440 1193 1507 Sed
1212 1442 1309 1509 missa

162 1546 223 1610 hac
247 1547 394 1611 cautione
419 1545 588 1610 ltitschelii
612 1549 719 1609 tamen
745 1546 932 1611 distributio
956 1551 1093 1630 propter
1116 1546 1299 1632 fragmento

163 1673 234 1717 rum
258 1653 451 1717 tenuitatem
474 1674 576 1735 neque
601 1653 811 1719 confirmatur
834 1653 936 1717 altero
961 1654 1110 1738 exemplo
1139 1676 1239 1739 neque
1259 1676 1292 1717 re·

163 1761 295 1825 fallitur.
340 1758 498 1823 Demetrii
528 1759 613 1823 enim
643 1759 792 1824 Phalerei
821 1760 1023 1843 epigramma
1053 1761 1130 1825 libri
1154 1761 1290 1846 significa·

137 1867 292 1931 acatione
311 1865 503 1930 destitutum
522 1871 580 1949 est,
599 1889 744 1951 quaeque
764 1889 802 1930 ex
821 1888 907 1931 nono
927 1865 1011 1931 libro
1026 1865 1196 1932 Charisius
1214 1868 1291 1933 verba

163 1973 288 2055 profert
312 1970 347 2035 ‘a
371 1971 471 2056 vulgu
495 1971 789 2054 condemnaretur',
813 1973 854 2037 ad
874 1971 1032 2038 Graecum
1056 1973 1223 2040 bominem
1243 1995 1291 2039 noo

164 2080 269 2144 minus
299 2100 395 2163 quam
423 2078 463 2141 ad
492 2077 675 2143 Romanum
704 2079 815 2144 referri
846 2082 993 2163 possunt.
1041 2080 1180 2146 Accedit
1205 2086 1294 2146 autem

164 2187 204 2251 ad
227 2184 399 2251 Ritschelii
422 2187 583 2250 rationem
607 2186 792 2269 tutandam,
821 2186 848 2251 si
872 2189 1018 2251 nostram
1044 2189 1239 2253 sententiam
1259 2209 1296 2252 se
1331 2230 1337 2243 ·

164 2294 281 2378 queris,
305 2293 430 2378 aliquid
450 2293 657 2359 firmamenti.
692 2293 777 2358 Nam
797 2294 825 2358 ai
844 2294 1106 2378 quattuordecim
1130 2296 1205 2361 illos
1227 2296 1298 2381 prin

163 2401 250 2484 cipes
273 2398 378 2464 Varro
408 2421 446 2464 eo
475 2400 612 2465 consilio
641 2401 724 2464 libro
753 2401 859 2483 primo
884 2401 1072 2485 incluserat,
1107 2406 1144 2466 nt
1167 2402 1300 2468 ordinem

163 2505 329 2588 indicaret,
349 2529 411 2590 quo
432 2506 569 2591 singulis
589 2506 681 2570 libris
700 2508 842 2571 illustres
863 2506 1009 2572 homines
1030 2509 1218 2593 prolaturus
1235 2514 1303 2592 erat,

163 2616 253 2695 patet
276 2612 468 2696 Homerum,
497 2635 592 2697 quem
620 2634 738 2697 agmen
768 2613 894 2677 duxisse
923 2614 1005 2678 nihil
1034 2618 1084 2678 est
1108 2638 1167 2679 cur
1191 2615 1302 2680 dubite-

163 2742 248 2802 mus,
282 2721 411 2784 secundi
445 2721 520 2783 libri
553 2720 658 2804 poetis
683 2718 815 2784 Graecis
849 2721 945 2784 dicati
978 2742 1047 2784 esse
1078 2723 1305 2805 testimoninm,

163 2825 246 2888 unde
275 2847 337 2908 quo
367 2825 477 2888 ordine
507 2826 623 2910 reliqui
652 2849 685 2889 se
710 2827 906 2910 exceperint,
936 2827 962 2890 si
987 2827 1128 2892 Ausonii
1152 2829 1251 2893 verbs
1271 2828 1305 2892 de

162 2931 246 2994 libro
276 2930 400 2994 decimo
424 2930 558 3014 accipis,
587 2953 650 2996 non
676 2937 727 2996 est
755 2933 942 3015 obscurum,
972 2934 1026 2998 sed
1056 2939 1167 2999 tamen
1193 2935 1242 3000 vel
1265 2935 1306 2999 sic

163 3036 329 3119 incertum,
353 3059 448 3122 quem
473 3039 560 3102 intra
579 3040 666 3103 illius
686 3040 762 3103 libri
783 3040 1000 3104 hebdomades
1020 3040 1168 3104 ordinem
1188 3045 1305 3126 septem

164 3143 332 3207 architecti
357 3145 567 3210 obtinuerint.

251 3250 431 3315 Plurimum
452 3275 527 3318 vero
543 3252 740 3317 Ritschelius
760 3254 876 3317 horum
896 3252 1054 3315 librorum
1078 3253 1217 3319 notitiae
1239 3276 1305 3319 con·

163 3358 239 3421 tulit
267 3380 318 3439 eo,
351 3359 434 3440 quod
470 3364 596 3442 praeter
624 3359 761 3424 Ausonii
792 3359 1042 3423 architectorum
1074 3360 1304 3426 hebdomadam

164 3464 299 3527 alteram
324 3464 520 3529 medicorum
546 3489 584 3530 ex
607 3466 712 3531 Plinio
737 3465 776 3529 N.
792 3465 831 3528 H.
846 3463 956 3529 XXVI
980 3468 999 3545 ἓ
1023 3467 1063 3530 10
1077 3489 1124 3551 sq.
1148 3469 1306 3534 revocarit

163 3591 298 3654 cumque
323 3592 360 3632 ea
384 3570 549 3654 copulavit
572 3572 651 3635 duas
667 3572 798 3635 Henrici
814 3570 948 3634 Brunnii
972 3571 1150 3637 industriae
1176 3574 1306 3659 debitas,

164 3677 394 3741 statuariorum
417 3677 622 3761 antiquorum
644 3676 687 3763 (p.
703 3678 764 3764 IX)
784 3681 817 3741 ct
837 3679 922 3742 circa
941 3684 1146 3763 expugnatae
1161 3679 1305 3746 Corinthi

163 3784 230 3846 sive
255 3785 452 3869 olympiadis
476 3782 578 3849 CLVI
606 3789 754 3869 tempora
781 3786 995 3868 probatorum
1018 3807 1058 3848 ex
1082 3786 1199 3852 eodem
1222 3788 1305 3854 fonte

251 4050 275 4116 *l
300 4050 336 4102 nt
360 4051 453 4117 potest
475 4051 545 4104 adeo
569 4066 698 4119 expressa
722 4048 788 4103 libri
808 4047 972 4102 Varroniani
996 4049 1152 4119 appellatio
1171 4053 1304 4108 offendere

162 4139 190 4192 in
214 4156 340 4193 sermone
367 4139 490 4207 poetico,
519 4144 617 4194 contra
640 4139 755 4194 feranda
779 4143 822 4192 est
845 4137 957 4208 poetica
980 4138 1106 4194 decimae
1126 4141 1304 4198 hebdomadis

163 4226 380 4283 circumlocutio.
