2956 5018
183 302 249 366 362
604 318 651 364 os
675 319 710 364 u.
734 317 908 365 viscosus

182 461 322 526 Rursum
351 465 458 525 autem
486 461 520 523 in
543 459 669 524 Musica
692 483 819 544 quoque
843 459 992 525 Varrone
1015 458 1207 540 Marcianus,
1223 462 1306 526 utitur

183 568 230 632 IX
253 569 368 651 p.314,
391 566 446 630 ubi
469 566 554 631 inter
576 568 715 650 plurima
739 567 804 632 alia
826 567 983 651 miranda,
1005 568 1124 651 quibus
1144 568 1254 633 victrix
1270 569 1308 634 ris

183 675 325 740 musicae
345 674 426 738 artis
446 674 632 758 apparuerit
651 673 739 737 fame
757 673 936 758 hominum,
954 674 1017 739 hoc
1035 679 1210 741 memorat:
1226 697 1309 742 nonu

182 783 281 864 apcius
303 781 461 846 vetustatis
481 782 682 862 persuasione
709 787 905 863 compertum,
937 783 972 845 iu
993 782 1099 864 Lpdio
1120 782 1307 866 uporptoruu

183 887 295 972 (vulgo
310 885 519 973 ipruptaruru)
535 888 655 953 iunctos
672 888 742 970 elici,
760 909 837 969 quos
855 890 948 952 etioru
967 891 1115 953 recentior
1126 893 1308 956 assem

189 994 289 1058 Varro
311 1015 342 1059 sc
363 996 473 1060 misse
496 998 640 1058 testatur:
662 1015 741 1075 perae
758 996 793 1059 iu
810 997 944 1059 ruceir’uru
962 1000 1108 1078 stuprum
1125 1016 1147 1060 α
1165 998 1309 1061 mntrmti

178 1101 370 1183 procedentes
393 1107 486 1166 ceretu
509 1101 657 1165 tibiarum
674 1103 781 1183 primo
804 1103 839 1165 iu
862 1102 1010 1166 circulum
1033 1107 1141 1185 motae,
1163 1102 1312 1168 subimet

185 1208 276 1271 litora
299 1213 498 1273 reuertuntur.
541 1207 664 1282 Quibus
688 1230 765 1273 sane
788 1229 847 1291 per
870 1230 905 1272 se
928 1208 1084 1291 spectatis
1107 1231 1174 1273 nou
1197 1210 1310 1294 ineptus

184 1313 283 1378 etiam
310 1314 344 1377 in
368 1313 594 1401 geographicis
622 1314 722 1380 locus.
768 1313 830 1379 sed
854 1313 893 1378 cf.
916 1318 1130 1397 praeterea§
1158 1316 1198 1380 10
1220 1320 1252 1381 et
1272 1317 1313 1380 lt

720 1513 794 1592 si.

274 1636 390 1701 Paullo
410 1636 597 1718 impeditior
615 1636 653 1700 de
673 1636 924 1701 arithmetice
943 1637 1091 1720 quaestio
1111 1644 1176 1701 est:
1195 1638 1316 1702 temetsi

183 1744 222 1807 de
250 1766 363 1807 novem
393 1742 636 1826 disciplinarum
665 1743 758 1807 libris
783 1763 883 1826 agens
907 1741 1074 1807 Fabricius
1097 1744 1118 1807 l.
1134 1767 1158 1807 s.
1172 1765 1197 1808 s.
1221 1765 1258 1809 co
1276 1744 1319 1810 ts

183 1849 291 1933 inquit
314 1849 426 1913 librruu
448 1847 485 1913 (ie
502 1849 696 1914 oritlruutiea
714 1850 814 1914 aeltruc
831 1851 1022 1931 superstitem
1039 1871 1071 1914 se
1087 1851 1200 1916 clitum
1211 1851 1321 1917 Romae

183 1958 267 2037 raperet
288 1955 494 2019 Laurentium
517 1956 690 2020 Stroreiuru
714 1954 911 2022 Gordiuolcur
935 1962 1061 2023 testatus
1083 1963 1128 2024 cst
1145 1958 1322 2024 Vertrorriur

182 2062 319 2126 alariae
346 2061 382 2124 irc
410 2061 560 2127 Varronis
586 2061 695 2146 vcitat)
742 2061 790 2126 De
819 2085 883 2147 quo
912 2064 1133 2148 unusquisque
1162 2066 1322 2130 existimet

145 2192 168 2230 re
183 2169 342 2233 arbitratu
366 2189 437 2232 suo:
460 2169 555 2233 nobis
579 2170 781 2253 incomperta
805 2192 863 2233 res.
900 2169 969 2235 Nec
993 2172 1132 2236 multum
1155 2170 1321 2237 tribuerim

183 2273 450 2358 Agrimensorum
474 2274 520 2338 eis
544 2275 716 2358 codicibus,
739 2297 820 2359 quos
844 2276 941 2340 tertia
964 2276 1069 2340 classe
1092 2298 1113 2341 a
1131 2297 1166 2340 se
1186 2297 1321 2360 compre

182 2381 301 2446 lronsos
324 2380 471 2446 Blurnius
495 2404 523 2465 p.
541 2384 605 2446 216
629 2387 767 2447 testatur
787 2383 956 2447 Varronem
978 2384 1015 2447 cle
1037 2383 1240 2461 oritbmctroa,
1261 2404 1322 2448 non

181 2492 218 2554 cle
237 2490 402 2572 peorrretrio
426 2511 686 2555 commemorare.
725 2487 788 2553 Sed
810 2489 846 2554 cle
869 2491 1005 2554 nauseis
1027 2489 1149 2554 librum
1168 2487 1327 2554 Varronis

182 2595 350 2662 Fabricius
373 2592 489 2661 scribit
512 2620 532 2661 a
551 2594 729 2661 Censorino
754 2595 806 2679 (de
826 2596 854 2660 d.
869 2595 949 2682 net.)
973 2596 1034 2661 ct
1058 2596 1206 2681 allegari.
1234 2595 1333 2661 Nihil

183 2706 233 2768 est
256 2726 342 2787 sane,
366 2726 421 2768 cur
444 2704 506 2768 hoc
528 2701 632 2767 indice
656 2703 921 2767 commentarium
946 2702 984 2766 de
1004 2702 1212 2768 arithmetica
1233 2723 1342 2789 nege·

184 2832 254 2873 mus
279 2809 431 2874 similiter
453 2831 548 2892 posse
572 2809 718 2873 denotari
743 2812 839 2892 atque
863 2809 947 2873 liber
966 2794 1165 2893 geometriae
1190 2809 1352 2875 breviter

182 2917 287 2980 (lictus
316 2921 366 2980 est
392 2919 428 2981 ete
456 2917 615 2980 mensuris.
662 2915 783 2979 Verum
813 2916 846 2978 in
870 2913 1040 2979 Censorini
1063 2917 1164 2981 verba
1187 2917 1219 2981 id
1241 2915 1352 2982 eadit

183 3022 329 3085 minime:
353 3022 397 3085 ibi
423 3024 508 3084 enim
532 3022 617 3104 quod
645 3021 744 3085 Varro
768 3026 1041 3086 commemoratur
1065 3023 1099 3086 iu
1121 3044 1155 3088 co
1178 3024 1256 3089 libro
1276 3023 1352 3090 orsi

182 3128 291 3191 titrdrrs
308 3133 351 3193 est
364 3128 487 3192 Atticus
500 3133 534 3192 et·
546 3132 589 3192 cst
607 3129 644 3191 etc
656 3130 801 3206 accuseris,
819 3129 847 3192 is
867 3128 995 3212 quidem
1014 3128 1077 3193 fuit
1095 3152 1179 3195 unus
1199 3152 1217 3196 o
1234 3129 1352 3196 libris

183 3233 389 3318 logistoricis,
404 3239 436 3298 et
453 3238 487 3298 ut
501 3234 628 3299 videtur
642 3256 682 3298 ne
696 3257 769 3299 rere
790 3235 919 3318 quidem
937 3237 973 3299 rie
986 3238 1125 3302 rruurerrs
1143 3238 1348 3321 inscriptae,

183 3338 238 3404 sed
261 3342 296 3405 rte
318 3343 496 3407 rurrrrums
519 3342 641 3426 potius:
670 3343 709 3406 de
733 3364 795 3425 quo
821 3342 899 3406 alibi
926 3341 1025 3422 [infra
1049 3365 1077 3425 p.
1093 3342 1172 3423 405]
1197 3343 1342 3407 dictam.

182 3449 264 3511 Item
288 3447 364 3513 hinc
388 3448 607 3533 segregandus
630 3448 765 3512 Rufinus
789 3471 819 3531 p.
843 3449 930 3512 2720
949 3447 983 3511 P.
1012 3447 1077 3512 398
1097 3448 1201 3514 Gaisf.
1223 3449 1257 3514 in
1277 3447 1336 3513 eis

273 3622 298 3690 *)
317 3624 358 3676 Dc
377 3623 438 3676 vita
456 3624 588 3677 Varronis
607 3641 624 3677 a
643 3624 740 3677 Mauro
760 3622 863 3692 scripta
881 3638 933 3676 nec
951 3625 1020 3677 nota
1038 3640 1082 3677 res
1101 3640 1152 3678 nec
1171 3622 1322 3678 credibilis:

183 3718 214 3767 ut
234 3711 341 3780 aliquid
361 3714 465 3766 temere
484 3711 627 3766 miscuisse
646 3711 805 3766 Fabricium
825 3712 948 3781 suspicer
967 3712 1028 3781 [scd
1043 3712 1138 3766 videas
1153 3712 1223 3766 Mus.
1237 3710 1317 3764 Rhea

183 3821 208 3856 11.
234 3821 254 3855 s.
280 3801 333 3857 vol.
354 3801 392 3854 Vl
415 3819 441 3870 p.
467 3806 517 3854 505
542 3801 603 3855 adn.
623 3801 660 3871 *].
702 3801 726 3853 A
750 3817 804 3867 quo
828 3800 1002 3868 aliquantum
1026 3799 1168 3868 discrepat
1190 3796 1313 3853 luanus

181 3891 291 3960 Popma
317 3890 346 3944 in
373 3889 549 3943 Bibliotheca
568 3889 741 3942 varroniana
769 3906 795 3957 p.
816 3895 867 3942 497
897 3890 939 3943 ed.
964 3888 1052 3957 Lugd.
1075 3888 1107 3945 Β.
1133 3905 1158 3942 a.
1181 3893 1259 3942 1601:
1286 3883 1311 3938 ie

183 3980 353 4040 orittrmetica
372 3982 418 4035 lib.
439 3982 467 4047 I,
486 3997 561 4050 quera
580 3996 665 4033 rrrauu
683 3980 848 4047 ‹lescripturu
866 3979 945 4033 hodic
962 3994 1066 4047 quoque
1084 3978 1253 4045 superstitem
1269 3988 1309 4029 atr

182 4076 206 4123 ct
226 4071 328 4125 Romae
352 4073 382 4125 irr
404 4070 570 4125 bibliothecis
588 4069 761 4123 adservatur
779 4069 879 4122 cidisse
897 4072 1011 4122 testatur
1031 4065 1074 4119 Μ.
1101 4064 1262 4120 Vertrouius
1275 4061 1309 4134 [J

184 4160 311 4213 elluatus
329 4159 377 4211 boc
396 4159 514 4226 enepotius
531 4174 559 4210 sc
576 4155 712 4211 aliturum
727 4157 881 4225 pollicetur,
905 4157 977 4225 procl
995 4161 1085 4209 torrrerr
1103 4155 1183 4208 aceto
1201 4150 1307 4207 irrisui

183 4248 246 4301 vilis
260 4247 442 4315 professione,
467 4249 497 4300 ia
515 4265 571 4316 pua
588 4246 705 4299 manime
723 4246 860 4310 excelluit,
886 4249 910 4297 et
932 4244 1092 4312 prasiorum
1114 4243 1309 4311 disciplinam

183 4337 283 4390 studiis
302 4335 447 4403 inpertitus
469 4353 525 4389 riou
543 4335 692 4403 praestitit.
728 4334 750 4386 E
770 4332 870 4401 quibus
890 4331 982 4386 verbis
1000 4330 1182 4400 indiligenter
1199 4326 1310 4385 amite

184 4424 307 4496 aliquem
325 4423 363 4482 M.
383 4423 561 4480 Vertranium
579 4423 721 4479 Alciatum
740 4423 819 4477 fimit
838 4421 972 4478 Ochlcrus
991 4418 1074 4474 Satir.
1093 4438 1121 4491 p.
1143 4426 1183 4476 10.
