2956 5018
207 322 272 390 562
536 340 652 388 11111
676 319 821 389 vanao’s
845 340 1023 388 1111111111

207 506 272 548 101
300 483 445 567 potuisse
472 483 653 549 Varronem
681 485 787 549 facere
815 484 997 564 credamus,
1025 481 1112 568 quod
1140 481 1219 547 fecit
1246 486 1350 547 tamen

208 591 355 655 Plinius?
392 589 460 655 Nec
480 592 567 655 enirn
586 592 652 656 alia
674 591 825 656 defutura
848 593 1000 674 putamus
1024 610 1122 673 quae,
1146 589 1232 653 siin
1257 589 1351 652 mani-

208 698 269 761 bus
293 696 449 762 Varronis
473 699 639 763 rolumina
663 703 783 781 essent,
812 698 954 782 aliquam
977 696 1020 760 ob
1043 717 1197 761 caussam
1226 694 1350 758 mirare

208 826 289 868 mur.
321 802 420 868 Velut
443 805 514 888 quis
533 805 568 868 in
588 806 774 869 architectis
794 805 903 888 potius
928 826 1024 887 quarn
1047 801 1227 887 geometris
1246 799 1351 865 Archi·

208 910 334 974 medem
358 913 616 994 exspectaverit?
648 911 736 996 Ergo
757 915 884 975 servato
903 910 1067 974 Praxitele
1092 930 1167 972 eam
1189 910 1300 991 potius
1320 908 1350 971 in

207 1021 333 1100 partem
358 1017 562 1081 octonarium
583 1040 753 1082 numerum
772 1017 958 1082 Plinianum
980 1014 1283 1099 interpretabimur,
1304 1013 1350 1077 bic

208 1126 246 1186 ut
273 1123 313 1186 ad
341 1123 448 1205 ipsam
475 1122 710 1188 hebdomadem
738 1122 976 1188 Varronianam
1005 1122 1083 1186 libri
1110 1120 1293 1185 duodecimi
1316 1142 1348 1184 cx

207 1229 374 1314 isagogico
407 1229 492 1294 libro
525 1231 676 1294 asciverit
691 1231 783 1294 -artis
813 1230 982 1295 universae
1014 1229 1212 1312 primarium
1243 1228 1347 1309 virum,

209 1336 263 1420 qui
301 1336 339 1399 de
376 1337 538 1399 communi
575 1337 638 1400 nisi
674 1337 820 1401 fallimur
857 1335 1066 1420 antiquitatis
1102 1355 1265 1399 consensu
1295 1334 1347 1398 fuit

208 1442 377 1506 Phidias.
415 1441 461 1507 Vt
484 1443 571 1508 baud
594 1444 690 1508 dubie
709 1467 729 1508 a
752 1444 920 1508 statuariis
940 1465 1073 1507 exorsus
1096 1429 1157 1525 per
1176 1441 1345 1526 sculptores

208 1549 314 1615 Varro
347 1550 515 1614 transierit
551 1550 592 1614 ad
624 1552 774 1634 pictores.
811 1550 881 1613 Iam
914 1570 989 1613 vero
1022 1549 1064 1631 si,
1095 1569 1196 1631 quem
1225 1547 1344 1611 Phidiae

209 1657 397 1740 opposuerit
424 1655 606 1720 Romanum
635 1657 806 1740 artificem,
839 1655 1027 1740 quaesieris,
1058 1676 1126 1718 non
1155 1660 1208 1718 est
1240 1655 1340 1719 mirum

209 1785 276 1828 non
310 1762 514 1827 mediocriter
547 1784 604 1828 nos
638 1763 801 1828 laborare:
838 1763 895 1827 sed
927 1768 1037 1827 tamen
1070 1783 1140 1826 non
1172 1760 1340 1826 laboramus

209 1869 328 1953 magis,
356 1889 453 1951 quam
483 1867 526 1952 si,
555 1868 672 1952 quibus
700 1869 831 1933 tandem
859 1869 961 1952 copiis
989 1867 1092 1951 ipsius
1121 1869 1214 1934 tertii
1241 1865 1338 1932 decimi

209 1975 287 2041 libri
310 1975 529 2038 loculamenta
551 1974 728 2059 referserit,
751 1976 922 2040 sciscitere.
960 1975 1163 2051 Quantillum
1190 1979 1240 2039 est
1262 1973 1337 2053 enim,

210 2080 295 2164 quod
328 2079 367 2143 de
400 2080 480 2143 artis
514 2080 667 2167 studiis*)
700 2086 847 2146 veterum
878 2080 1100 2145 Romanorum
1136 2080 1178 2145 ad
1212 2083 1336 2145 nostram

211 2187 402 2250 memoriam
430 2190 647 2271 propagatum
671 2186 735 2251 sit?
772 2186 857 2261 Quid
886 2189 1024 2269 prosunt
1047 2186 1088 2251 ad
1112 2186 1335 2270 undequinqus

211 2293 304 2377 ginta
339 2292 520 2377 imaginum
558 2315 727 2357 numerum
764 2292 1052 2356 consummandum
1095 2291 1251 2375 pingendi
1282 2295 1346 2354 arte

212 2400 350 2483 spectati
374 2399 502 2465 Marcus
527 2400 582 2463 ille
605 2399 753 2463 Plautius
777 2397 876 2462 ‘Asia
899 2400 968 2463 lata
990 2396 1162 2463 oriundus'
1187 2399 1268 2483 apud
1286 2396 1351 2463 Pli-

210 2506 301 2571 nium
324 2505 447 2570 XXXV
471 2510 491 2586 5
517 2507 581 2570 115
609 2503 663 2592 (de
687 2527 750 2590 quo
773 2528 840 2570 non
864 2505 945 2569 satis
973 2507 1066 2569 caute
1089 2501 1251 2570 Brunnius
1275 2500 1353 2569 iudi-

213 2612 300 2676 carit
328 2611 413 2676 Hist.
442 2611 528 2676 artif.
551 2610 584 2675 Η
610 2633 640 2694 p.
664 2611 729 2675 303
749 2608 825 2695 sq),
853 2609 1035 2694 Fabiusque
1064 2614 1099 2674 et
1126 2611 1291 2693 Pacuvius,
1315 2607 1357 2673 si

143 2736 199 2777 xvi
214 2718 310 2783 modo
339 2719 399 2784 hos
428 2742 445 2783 e
469 2718 682 2802 scriptoribus
706 2721 739 2781 11
767 2717 873 2800 poetis
898 2719 1066 2799 exemptos
1091 2717 1275 2799 credideris,
1298 2711 1355 2779 rel

212 2825 351 2890 ‘Romae
379 2825 505 2890 celeber
533 2824 641 2908 paullo
666 2827 740 2889 ante
769 2824 877 2888 divom
902 2822 1105 2908 Augustum’
1129 2823 1268 2888 Arellius
1287 2821 1354 2885 Pli-

211 2932 258 2995 nii
282 2935 302 3011 5
329 2933 413 2995 119?
452 2932 535 3007 Quid
564 2931 626 2994 duo
650 2931 779 2995 fictores
803 2931 871 2995 sive
895 2932 1021 3013 plastae
1045 2936 1196 3014 prosunt,
1224 2946 1356 3016 quorum

212 3040 305 3103 alteri
335 3040 413 3102 olim
441 3039 585 3102 Turiano
614 3061 745 3120 nornen,
773 3059 857 3101 nunc
888 3038 1018 3122 quidam
1047 3036 1208 3102 Volcanio
1234 3035 1355 3102 faciunt

213 3145 297 3227 apud
327 3144 634 3208 eundem'Plinium
665 3147 685 3223 5
711 3144 788 3227 157,
816 3143 956 3207 alterum
983 3143 1142 3208 Calenum
1170 3142 1356 3210 Ganoleium

66 3327 70 3334 ν
111 3274 113 3278 ’
212 3252 385 3317 norimus?
423 3251 506 3327 Quid
529 3251 665 3335 denique
690 3251 724 3314 in
748 3273 847 3314 aeneo
868 3272 965 3333 opere
985 3250 1202 3337 elaborantes,
1224 3266 1354 3337 quorum

213 3357 297 3422 forte
325 3359 459 3423 fortuna
489 3359 622 3424 nomina
655 3358 689 3421 11
722 3357 916 3442 quibusdam
949 3358 1171 3422 monumentis
1205 3359 1356 3440 inscripta

214 3467 253 3529 ad
277 3489 337 3531 nos
360 3470 589 3549 pervenerunt,
613 3463 736 3529 Novios
760 3464 815 3526 ille
839 3462 987 3528 Plautios
1011 3470 1046 3527 et
1069 3462 1104 3528 O.
1124 3464 1355 3529 0111101111·

213 3573 379 3636 11111111
403 3569 437 3634 C.
457 3571 637 3655 Pomponio
658 3570 814 3645 Quirina?
838 3571 889 3635 vel
914 3569 1108 3634 anciliorum
1132 3572 1160 3636 si
1184 3572 1232 3635 dis
1253 3567 1350 3654 placet

286 3818 312 3885 *)
334 3816 408 3869 Nam
436 3818 510 3885 quod
534 3819 619 3872 etiarn
643 3817 860 3871 architectorum
887 3816 964 3870 fania
987 3816 1140 3877 celebrium
1163 3836 1263 3890 magna
1281 3817 1344 3871 inter

213 3906 354 3962 Romanos
373 3906 500 3976 paucitas
514 3906 576 3974 fuit,
596 3907 782 3976 reputandum
801 3910 845 3960 est
859 3924 892 3960 ex
905 3907 963 3960 illis
978 3923 1062 3961 unam
1077 3908 1252 3963 efficiendam
1264 3905 1339 3963 cuim,

214 4012 269 4049 non
296 3999 404 4065 septem
431 3995 627 4049 hebdomadas.
661 3995 718 4048 Vni
740 3998 835 4049 autem
859 3996 904 4049 vel
928 4012 976 4063 ea,
1004 4013 1124 4063 quorum
1152 3997 1231 4051 nobis
1255 3989 1336 4049 1011111

215 4087 341 4153 superat,
361 4083 474 4138 nomina
493 4083 646 4138 sufficiunt:
666 4083 800 4152 Cossutii,
820 4082 962 4151 1111111,
982 4082 1075 4137 Stallii
1090 4085 1246 4155 utriusque,
1263 4083 1333 4137 viuu-

215 4172 262 4240 vii,
280 4172 324 4225 his
343 4173 366 4226 si
381 4173 528 4228 accessisse
543 4172 682 4225 Fufidium
702 4175 730 4225 et
745 4171 912 4241 Septimium
927 4171 1078 4226 credideris
1096 4173 1204 4228 utnon
1222 4182 1330 4226 comnen-

214 4261 348 4314 tariorom
366 4263 475 4316 tantum
494 4261 529 4315 de
544 4261 731 4316 architectura
745 4261 910 4328 conditores,
929 4260 978 4315 sed
992 4278 1045 4314 usu
1063 4278 1175 4332 quoque
1191 4278 1248 4316 eam
1264 4260 1328 4313 artem

214 4352 381 4405 exercentes.
409 4351 450 4405 Dc
469 4351 570 4420 quibus
585 4350 747 4405 testimonia
761 4353 885 4404 veterum
900 4351 987 4405 habes
1005 4351 1080 4419 apud
1096 4351 1244 4406 Bruanium
1257 4347 1326 4403 flnc-

214 4439 272 4493 riac
291 4439 429 4493 artificum
448 4441 472 4492 ll
491 4458 518 4508 p.
537 4445 589 4493 335
605 4458 664 4507 sqq.
