2932 5026
12 368 17 461 ἱ
255 354 540 407 msouruonvu
567 350 868 406 curvaurusruvu
891 350 1003 401 rurus.
1137 328 1204 399 595

85 501 193 585 nequis
215 502 263 567 sic
285 506 474 567 construere
498 500 664 581 instituat,
686 504 801 580 quanto
821 498 923 579 nrapie
945 517 1024 559 atrro
1045 494 1204 577 expalluit,

86 606 264 689 putidissimo
287 608 470 675 mehercule
492 606 649 673 acumine.
686 603 755 670 Nec
775 604 913 669 uidimus
937 603 993 688 qui
1016 602 1068 667 uel
1090 605 1205 683 quanto

86 732 161 797 nepe,
190 716 241 780 vel
273 716 358 801 quod
386 717 419 780 in
447 715 517 779 eius
550 714 657 778 locum
686 712 744 776 elii
773 711 1022 791 substituerunt,
1053 713 1204 791 quantuni

86 837 151 900 seque
169 819 234 886 ullo
258 822 308 886 uel
333 821 481 905 exemplo
504 820 555 884 vel
579 824 771 904 argumento
799 821 969 883 tutaretur.
1006 815 1095 899 Ergo
1118 813 1204 878 hand

87 932 250 993 emutanter
273 929 306 993 in
330 928 391 993 hac
414 931 507 1011 parte
530 925 633 990 ascita
653 924 767 990 Faerni
790 925 1015 989 emendatione
1038 920 1205 986 lenissima

87 1050 157 1096 suum
177 1030 372 1099 Catullianis
400 1033 546 1099 versibus
570 1033 708 1097 nitorem
738 1033 785 1096 sic
812 1032 983 1095 restituere
1011 1029 1204 1093 videbimur:

153 1139 295 1217 Quantos
318 1140 376 1205 illa
399 1140 476 1203 tulit
499 1139 667 1223 languenti
691 1139 787 1224 corde
811 1140 959 1221 timores,
1180 1221 1184 1228 .
1219 1156 1239 1196 v

153 1243 267 1321 Quam
290 1250 370 1311 tum
394 1267 490 1329 saepe
513 1245 619 1329 magis
643 1245 798 1310 fuluore
821 1246 977 1329 expalluit
1001 1244 1084 1322 auri,

153 1349 229 1417 Cum
253 1374 386 1417 saeuum
411 1352 542 1435 cupiens
566 1355 680 1416 contra
703 1352 893 1416 contendere
918 1354 1095 1415 monstrum

152 1458 217 1523 aut
239 1465 378 1524 mortem
402 1462 573 1542 oppeteret
595 1456 740 1523 Theseus
764 1464 820 1524 ant
843 1458 989 1543 praemia
1012 1456 1126 1521 laudis.

86 1557 150 1629 llam
173 1565 218 1629 sic
247 1565 391 1648 demum,
420 1564 582 1649 quomodo
610 1564 690 1630 haec
718 1566 805 1630 inter
831 1589 865 1630 se
893 1587 977 1630 nera
1004 1564 1070 1629 sint
1098 1567 1131 1626 et
1159 1562 1206 1625 in-

11 1696 14 1701 ·
87 1667 166 1735 vicem
195 1671 260 1737 sihi
292 1671 406 1736 relatis
439 1677 504 1736 tam
536 1693 606 1736 crura
639 1673 808 1755 piarticulis
841 1673 1007 1756 deaptata,
1039 1692 1104 1734 non
1136 1667 1206 1733 sine

86 1773 172 1863 aliquo
194 1779 369 1843 suavitatis
392 1780 596 1844 incremento
620 1779 732 1843 sentiri
758 1784 919 1862 putamus.

21 2074 24 2079 Ι
151 1990 213 2056 Vix
236 1991 355 2057 minori
382 1991 417 2055 in
440 1991 552 2055 eodem
576 1991 718 2056 carmine
742 1991 911 2057 offensioni
942 1991 999 2055 illa
1022 1995 1097 2055 sunt
1125 2010 1206 2074 qnae

10 2106 16 2203 Ξ
79 2092 189 2164 habetis
212 2122 233 2163 a
255 2122 285 2164 v.
310 2101 368 2164 71:

10 2212 15 2223 “
150 2207 204 2272 Ah
227 2207 359 2291 misera,
382 2206 525 2272 adsiduis
549 2228 646 2292 qnam
670 2206 810 2271 luctibus
834 2207 1016 2272 externauit

15 2352 20 2407 3
152 2312 309 2398 Spinosas
332 2312 478 2397 Erycina
500 2335 610 2378 serens
633 2313 667 2376 in
690 2316 820 2396 pectore
844 2335 937 2378 curas

15 2416 18 2423 '
150 2420 216 2485 Illa
237 2422 447 2504 tempestate,
471 2419 562 2485 ferox
586 2440 649 2504 quo
674 2440 712 2483 ex
735 2423 881 2503 tempore
904 2420 1048 2483 Theseus

10 2508 18 2577 l
149 2525 313 2612 Egressus
336 2528 445 2593 curuis
469 2549 486 2591 e
509 2525 660 2591 litoribus
684 2524 789 2589 Piraei

151 2633 276 2718 Arrige
297 2633 411 2698 iniusti
434 2633 521 2718 regis
545 2631 706 2715 Gortynia
729 2635 822 2695 tecta

63 2737 129 2804 Vbi
147 2739 311 2824 quidesse
329 2739 473 2805 dieamus
493 2739 578 2824 quod
597 2737 797 2803 defendendo
813 2737 918 2802 versui
935 2738 1041 2801 medio
1056 2743 1112 2802 eut
1126 2738 1208 2802 nihil

61 2847 260 2930 interpretes
274 2850 331 2909 aut
350 2851 417 2911 tam
438 2846 609 2912 dissimilia
624 2844 803 2908 attulerunt
822 2867 918 2927 quam
934 2849 984 2909 est
998 2843 1111 2908 Lucilii
1130 2844 1208 2908 illud

61 2953 150 3037 apud
173 2951 315 3017 Gellium
339 2952 460 3036 111,14
483 2957 654 3034 tempestate
676 2972 733 3015 suc
756 2956 847 3031 alque
869 2953 969 3015 codem
992 2973 1054 3015 curro
1080 2956 1211 3030 tempore

60 3068 91 3126 et
115 3060 212 3124 horae
236 3047 366 3124 diniidic
394 3082 420 3123 e.
444 3082 473 3143 q.
496 3083 534 3142 s.,
565 3059 615 3123 vel
645 3081 664 3121 a
692 3058 846 3121 Cicerone
875 3056 1126 3141 (incompertum
1156 3056 1209 3120 nbi

63 3165 119 3248 [cf.
142 3188 174 3250 p.
196 3166 293 3248 600„
325 3166 434 3248 posita
461 3167 561 3231 verba
592 3167 659 3229 cirus
686 3165 842 3246 cepo-is,
873 3186 932 3245 qno
960 3166 1009 3228 die
1031 3166 1097 3227 —d
1135 3162 1211 3228 Non

61 3274 255 3359 ignoramus
282 3272 480 3356 frequentari
504 3274 603 3336 talem
627 3270 844 3351 ἐπανάληψιν,
873 3270 929 3333 illa
952 3275 1123 3351 tempestate
1149 3290 1211 3350 qna
1277 3250 1281 3259 ’

63 3384 238 3464 tempestate
261 3379 313 3443 vel
336 3380 391 3443 illo
414 3385 546 3462 hulspere
568 3401 626 3461 quo
651 3372 793 3459 tcmpune',
818 3401 837 3441 a
861 3362 1054 3461 quibusdam
1074 3375 1211 3457 scripto-

62 3486 269 3552 ribus-velut
293 3487 334 3550 ab
358 3486 443 3552 lulio
463 3485 614 3567 Caesare,
638 3486 728 3548 cuius
753 3485 893 3568 plurima
916 3482 1063 3566 exempla
1088 3482 1212 3547 Ouden·

64 3594 200 3678 dorpius
219 3594 404 3677 composuit
422 3593 457 3658 in
481 3593 559 3658 belli
578 3592 697 3657 Gallici
711 3591 743 3655 ll
763 3615 832 3675 cap.
851 3593 899 3675 18,
923 3592 1002 3655 item
1025 3587 1146 3670 int-⁷11,
1163 3590 1212 3671 19,

63 3705 102 3764 ut
129 3700 210 3764 &ern
232 3700 350 3764 instare
376 3721 435 3781 qua
463 3701 525 3776 die,
552 3699 600 3761 luis
628 3699 716 3763 renus
743 3720 877 3780 pomerum
900 3720 1003 3763 reiron
1027 3717 1149 3774 caiuma,
1179 3697 1212 3759 in

64 3827 102 3871 ea
117 3809 212 3888 parte
233 3824 329 3885 queam
346 3807 382 3870 -in
399 3811 536 3889 parterm
560 3805 617 3869 sed
636 3809 861 3889 praeterquam
881 3806 965 3890 qnod
985 3826 1023 3867 ea
1044 3807 1210 3887 tamquam

65 3908 281 3976 commoditas
306 3911 463 3994 quaedam
489 3911 654 3996 loquendi,
677 3912 740 3976 nisi
761 3912 816 3976 ubi
838 3911 1052 3975 intendendae
1070 3910 1212 3973 notionis

66 4022 157 4082 certa
180 4038 296 4082 caussa
319 4017 354 4081 in
381 4022 535 4101 promptu
558 4021 622 4099 est,
651 4018 703 4081 vir
728 4020 814 4082 recte
838 4022 951 4101 poetae
975 4015 1144 4098 tribuitur,
1172 4017 1212 4080 ab

67 4125 181 4190 eodem
213 4145 332 4210 genere
364 4124 584 4208 intellegimus
617 4124 763 4188 variandi
797 4124 937 4188 studium
971 4144 1066 4185 omne
1099 4129 1214 4206 suapte

66 4237 188 4298 natura
209 4231 351 4297 alienum
371 4254 450 4296 esse.
484 4230 538 4314 Vt,
561 4231 646 4315 quod
670 4231 734 4294 ista
756 4230 881 4294 ratione
900 4250 964 4292 non
989 4229 1117 4313 ingrato
1141 4252 1213 4294 cunr

69 4338 220 4405 acumine
247 4337 370 4402 dictum
399 4360 468 4402 esse
501 4338 617 4422 possit,
650 4337 802 4401 continuo
835 4336 1061 4402 inconcinnum
1095 4334 1153 4398 fiat
1182 4339 1215 4398 et

66 4446 246 4512 molestum
263 4448 298 4509 et
315 4448 352 4509 ut
365 4465 429 4508 uno
443 4444 543 4508 verbo
563 4443 668 4507 dicam
687 4444 833 4526 ineptum
852 4443 898 4506 sic
914 4442 1040 4507 variata
1054 4442 1213 4505 oratione:

948 4546 1001 4599 ae·
