2932 5026
402 363 479 410 srva
505 363 752 410 rmnnouxovu
777 364 880 409 nrum.
1148 347 1213 411 553

81 502 173 587 logia,
193 503 270 567 item
295 503 429 570 athletis
453 507 665 591 ludorumque
690 506 892 589 publicorum
917 505 1109 588 victoribus,
1137 506 1213 569 arti·

81 608 186 673 ficibus
208 611 365 676 scaenicis
389 617 421 676 et
445 612 672 690 saltatoribus,
696 612 919 676 inventoribus
944 613 1151 695 opificibusve
1175 613 1214 677 de

80 715 213 781 humano
248 738 365 802 genere
407 720 488 783 bene
530 720 668 803 meritis,
711 720 991 804 magnanimitatis
1033 719 1214 784 honestatis

83 823 305 889 sanctimoniae
328 827 361 890 in
386 828 454 891 vita
477 828 604 911 privata
628 828 857 910 comprobatae
881 826 1049 909 exemplis,
1073 828 1214 891 insolitis

85 928 133 990 rel
162 929 189 994 iu
220 930 370 1016 lingendo
400 955 534 1018 corpore
563 935 613 997 vel
646 935 678 997 in
712 933 910 997 l'ortunanda
942 936 1049 996 aetate
1080 939 1214 997 naturae

10 1076 16 1083 -
88 1033 232 1100 miraculis
256 1040 353 1122 atque
383 1040 561 1121 beneficiis,
591 1040 785 1103 eminentiae
811 1039 976 1103 muliebris
1002 1039 1216 1106 documentis,

12 1158 15 1163 ·
91 1136 207 1212 Qualem
234 1150 500 1231 argumentorum
528 1146 769 1217 multitudinem
799 1147 825 1209 si
851 1145 1020 1209 exhaurire
1046 1168 1117 1210 eum
1145 1148 1215 1230 pul·

10 1254 18 1263 '
96 1243 196 1315 riuulo
224 1250 330 1317 Varro
359 1253 517 1317 voluisset
546 1276 603 1317 nec
634 1253 666 1315 in
696 1252 757 1315 hac
786 1253 991 1334 potissimum
1023 1257 1115 1335 parte
1144 1276 1216 1316 cunr

10 1372 21 1395 ·“
97 1347 197 1420 delectu
217 1379 323 1444 agere,
346 1381 412 1424 non
436 1364 586 1442 septenas
611 1360 676 1441 ille,
700 1359 755 1422 sed
782 1360 876 1422 facile
899 1359 1040 1442 septiens
1065 1363 1217 1442 septenas

11 1472 21 1479 ·
96 1451 288 1529 hebdomadas
320 1466 485 1549 replesset,
533 1465 653 1528 Verum
687 1464 772 1527 inter
805 1464 890 1528 hauc
924 1469 1032 1528 tamen
1070 1466 1217 1548 quamvis

10 1563 16 1575 '
96 1572 188 1646 tuapte
216 1575 333 1635 natura
366 1572 490 1655 largam
524 1571 707 1634 ubertatem
742 1575 774 1632 et
807 1592 861 1633 sex
896 1571 1048 1635 classium
1086 1573 1217 1636 illarum

90 1667 296 1759 ldneipalium
320 1678 529 1742 nobilitatem
557 1679 787 1762 gravissimum
817 1677 1037 1741 intercedebat
1064 1679 1125 1743 hoc
1155 1679 1217 1743 dis·

87 1771 192 1844 efl'ulen
214 1784 312 1867 quod,
336 1786 391 1869 qui
416 1785 524 1868 ipsum
548 1785 660 1848 florem
687 1785 815 1869 generis
839 1784 972 1848 humani
997 1790 1029 1849 et
1053 1790 1217 1871 tamquam

83 1878 241 1952 medullam
264 1888 407 1954 delibare
430 1891 527 1954 vellet
550 1895 582 1954 et
604 1891 644 1954 ad
664 1891 844 1954 confessam
871 1890 1066 1956 Graecorum
1090 1893 1216 1956 laudem

10 2050 17 2073 q
79 1974 249 2059 ll0manam
273 1997 425 2060 virtutem
450 1997 674 2080 aequiperare,
701 1997 817 2059 harum
842 1997 971 2080 quidem
996 1998 1161 2077 classium,
1184 2000 1219 2061 ut

10 2138 12 2145 ·
73 2089 257 2166 quibusvis
280 2107 314 2165 et
337 2104 539 2186 praestantia
562 2103 685 2186 ingenii
709 2102 842 2167 humani
873 2106 1045 2188 praecipue
1069 2106 1218 2168 aestima·

70 2194 162 2268 retur
174 2209 332 2273 communi
347 2230 503 2274 consensu
525 2209 679 2290 omnium,
696 2208 779 2272 nihil
799 2210 886 2292 quod
906 2211 1042 2275 alicuius
1063 2210 1218 2274 momenti

67 2314 160 2376 esset
188 2316 445 2399 praetermittere
478 2317 603 2399 debuit,
637 2321 751 2379 eontra
783 2317 916 2380 minime
945 2317 1114 2382 excidebat
1144 2339 1216 2381 con·

63 2403 157 2503 ΒῙῙῙΟ,
177 2422 202 2486 si
225 2423 260 2486 in
283 2443 436 2507 generum
461 2423 723 2487 secundariorum
744 2424 878 2486 summis
903 2428 1029 2488 tantum
1054 2423 1216 2507 capitibus

60 2514 260 2592 quibusdam
285 2528 493 2611 decerpendis
518 2530 749 2612 acquiesceret.

162 2635 262 2711 Quam
291 2638 399 2698 autem
432 2638 508 2717 apto
538 2635 650 2697 ordine
678 2635 710 2697 in
740 2635 908 2717 proposita
938 2658 956 2696 a
985 2635 1078 2698 nobis
1105 2636 1217 2719 lmagi-

59 2742 149 2802 ΜΠ]
178 2742 287 2805 tabula
317 2741 463 2824 singulae
492 2764 526 2803 sc
550 2742 671 2805 classes
700 2741 876 2822 excipiant.
906 2742 1044 2804 maxime
1074 2744 1217 2806 onmium

58 2823 149 2909 hine
170 2848 376 2912 manifestum
401 2853 462 2928 cst,
496 2849 580 2930 quod
616 2848 673 2910 illa
706 2848 833 2911 ratione
867 2848 936 2910 sola
970 2849 1088 2911 similia
1119 2851 1217 2911 conti-

61 2953 211 3018 mantnt
235 2954 408 3018 similibus.
450 2952 535 3016 Nam
559 2977 631 3017 cum
659 2955 692 3016 in
724 2954 913 3017 inlustribus
939 2955 1101 3036 sequentia
1129 2952 1216 3016 civili

66 3037 260 3124 hominibus
284 3083 348 3122 non
378 3060 473 3142 pauci
502 3060 622 3122 fuerint
652 3061 705 3142 qui
731 3061 828 3123 etiam
854 3061 893 3123 ad
923 3061 1126 3124 scribendum
1150 3061 1217 3124 aui-

69 3167 162 3230 11lum
189 3167 405 3250 adplicarent,
434 3166 466 3229 id
495 3167 578 3250 quod
609 3188 681 3229 eum
711 3167 744 3229 in
773 3166 921 3231 Solonem
952 3172 1018 3230 tum
1048 3168 1079 3230 in
1109 3167 1216 3248 legum

10 3286 12 3293 '
73 3251 192 3336 latores
212 3296 325 3337 omnes
344 3273 438 3354 cadit,
463 3274 542 3336 bene
567 3275 686 3338 factum
712 3275 795 3358 quod
821 3297 875 3337 eos
899 3276 987 3356 ipsos
1008 3273 1096 3336 nullo
1122 3274 1217 3335 inter-

78 3374 164 3459 vallo,
187 3380 241 3463 qui
266 3381 299 3443 in
323 3379 443 3442 litteris
463 3380 615 3443 ornandis
636 3403 765 3462 operam
787 3402 914 3442 omnem
935 3383 1215 3461 consumpserunt,

80 3469 263 3550 insecuntur.
299 3486 422 3551 Rursus
457 3488 559 3551 altera
591 3510 628 3549 ex
664 3490 757 3568 parte
791 3485 829 3548 acl
864 3485 1036 3567 scriptores
1069 3485 1215 3567 proxime

84 3592 234 3675 secedunt,
257 3594 312 3676 qui
333 3616 405 3657 curn
425 3595 456 3658 in
478 3594 573 3657 certis
594 3592 777 3676 disciplinis
800 3592 982 3655 excolendis
1002 3594 1218 3671 versarentur,

82 3693 147 3761 item
167 3699 286 3762 litteris
302 3700 494 3783 consignata
514 3701 562 3762 sui
584 3706 793 3762 monumenta
812 3698 1019 3781 reliquerunt.
1049 3698 1218 3762 Praeterea

79 3806 236 3889 quoniam,
261 3827 342 3889 quos
368 3807 408 3869 ab
433 3805 537 3869 ‘arta'
561 3805 665 3868 Varro
691 3805 843 3886 seiunxit,
867 3811 898 3866 et
922 3804 1034 3866 musici
1059 3807 1091 3866 et
1115 3805 1217 3867 archi·

74 3913 146 3977 tecti
174 3912 328 3996 propiore
357 3917 465 3976 tamen
496 3935 566 3975 cum
595 3913 654 3974 illa
683 3934 779 3995 quam
809 3933 880 3973 cum
912 3911 976 3973 ullo
1007 3912 1070 3972 alio
1100 3932 1217 3994 genere

72 4018 196 4082 vinculo
226 4017 446 4100 continentur,
475 4018 642 4082 commode
671 4017 856 4079 institutum
886 4020 937 4078 est
965 4019 1000 4078 ut
1028 4016 1216 4099 disciplinas

69 4125 157 4208 ipsae
190 4128 277 4187 artes
311 4125 482 4206 excipiant.
521 4124 609 4199 Quae
643 4122 813 4186 commoda
847 4123 916 4184 vide
945 4144 1021 4185 num
1056 4145 1120 4205 qua
1152 4125 1217 4187 alia

68 4231 258 4315 disponendi
279 4231 332 4294 via
351 4231 501 4312 consequi
523 4253 615 4311 posse
636 4229 772 4291 videare.
814 4226 919 4308 Atque
937 4227 1115 4290 subtilioris
1137 4230 1215 4291 acteo

67 4337 300 4401 concinnitatis
316 4337 487 4400 art-ilicium
508 4337 540 4399 in
562 4358 599 4398 eo
621 4335 712 4398 l'acile
730 4332 924 4415 conspicias,
940 4334 1023 4416 qmul
1044 4334 1107 4396 tria
1125 4337 1217 4417 paria

69 4447 147 4509 sunt
180 4443 391 4527 probatarum
425 4464 444 4504 a
476 4442 569 4506 nobis
603 4440 765 4503 classium:
799 4439 839 4501 ad
870 4439 1032 4503 civitatem
1066 4445 1216 4522 spectans
