2932 5026
722 1229 796 1311 IV.

585 1399 708 1483 (lurae
736 1400 930 1484 secundae

239 1589 282 1628 zu
306 1563 400 1628 Heft
422 1563 437 1628 l
461 1564 525 1628 der
550 1562 697 1628 ‘Neuen
721 1544 1019 1630 Plautinischen
1044 1565 1284 1652 Excurse'.*)

134 1857 173 1896 sse
277 1830 357 1894 Was
381 1829 451 1894 sich
471 1828 543 1894 dem
559 1828 730 1895 Verfasser
753 1831 841 1896 einer
855 1830 1081 1898 Druckschrift
1103 1832 1335 1900 untersuchen-

186 1938 247 2002 den
271 1936 468 2002 Charakters
496 1941 604 2001 ruerat
632 1936 871 2024 aufcudriingen
898 1939 1013 2025 pflegt,
1046 1940 1095 2005 oft
1123 1941 1224 2008 echon
1249 1941 1333 2008 nach

186 2042 343 2128 Wochen,
367 2041 484 2106 immet
507 2043 589 2108 nach
613 2042 777 2127 Monaten,
801 2044 858 2108 das
881 2044 966 2110 luuft
988 2046 1086 2112 meist
1108 2048 1168 2113 auf
1184 2048 1333 2114 Vervoll·

186 2151 399 2237 stiindigung‚
427 2149 658 2235 Bestiitigung,
685 2149 914 2236 Erweiterung
936 2152 993 2217 des
1017 2153 1183 2240 Gesagten
1205 2155 1334 2222 hinaus.

186 2258 225 2324 ln
249 2259 354 2323 einem
378 2263 511 2343 spiitsrn
535 2254 683 2321 Stadium
708 2260 824 2342 treton,
848 2260 1056 2344 gewhhnlich
1079 2261 1179 2328 durch
1204 2263 1332 2330 Wider-

165 2365 305 2449 'spruch
342 2365 457 2430 andere
494 2363 711 2428 urtheilender
747 2363 1017 2452 hervorgerufen,
1054 2369 1332 2458 Berichtigungen

187 2472 264 2537 oder
297 2473 375 2538 aber
407 2469 719 2556 Rechtfertigungen
751 2470 857 2538 hinnu.
911 2471 964 2541 Sei
997 2496 1031 2540 es
1064 2477 1126 2541 mir
1163 2483 1333 2565 gestattet,

185 2579 256 2644 hier
278 2579 435 2644 zunhchst
457 2581 552 2643 unter
574 2578 648 2643 dem
672 2582 780 2643 ersten
803 2577 1076 2666 Gesichtspunkte
1100 2584 1205 2671 einigs
1223 2585 1332 2653 Nach-

185 2689 278 2771 trhge
308 2709 346 2751 zu
374 2687 486 2772 geben.
531 2683 588 2748 Ich
612 2684 715 2749 denke
739 2684 946 2773 denjenigen‚
979 2689 1030 2753 die
1055 2689 1123 2753 sich
1148 2691 1334 2780 uberhaupt

186 2794 238 2858 fiir
260 2793 348 2858 disse
371 2792 498 2878 Fragen
522 2791 745 2875 interessircn,
778 2793 858 2857 wird
881 2815 915 2858 es
940 2817 993 2858 am
1015 2795 1227 2881 bequemsten
1252 2800 1334 2888 sein,

186 2925 280 2966 wenn
312 2898 364 2965 ich
393 2897 520 2963 einfach
550 2896 600 2961 die
628 2897 841 2985 Reihenfolge
874 2899 930 2964 der
958 2900 992 2965 in
1016 2900 1073 2966 der
1100 2903 1333 2975 Druchschritt

187 3007 289 3072 selbst
311 3004 527 3072 behandelten
551 3003 778 3089 Gegenstinde
802 3005 964 3072 festhalte.

275 3112 313 3176 G.
335 3112 566 3177 Hermann's
589 3110 787 3196 Abneigung
809 3132 914 3198 gagen
938 3114 995 3179 dae
1019 3116 1229 3184 auslautende
1252 3121 1331 3187 din

185 3221 254 3286 cited
276 3221 331 3299 teu,
355 3220 406 3285 die
430 3219 481 3284 ich
505 3241 535 3303 p.
560 3219 579 3283 8
603 3216 795 3296 hervorhob,
817 3220 938 3285 konnte
961 3222 1044 3288 noch
1068 3225 1333 3294 ausdrdcklicher

185 3328 296 3414 belegt
319 3327 446 3392 werden
469 3324 570 3390 durch
594 3324 681 3389 aeine
705 3324 841 3408 eigenen
855 3326 971 3394 Worta
995 3331 1029 3394 in
1052 3331 1108 3395 der
1122 3329 1269 3400 Vorrede
1292 3359 1331 3403 au

185 3438 247 3502 den
267 3435 443 3501 Bacchides
467 3455 497 3518 p.
508 3432 553 3497 Vl
565 3432 601 3496 f.:
625 3431 714 3516 ‘Ego
739 3431 868 3516 quidem
892 3433 924 3499 id
948 3436 1010 3520 egi,
1034 3441 1070 3502 ut
1092 3439 1191 3504 verba
1213 3446 1332 3525 poetae

186 3545 233 3609 ita
256 3542 449 3623 exhiberem,
472 3538 744 3623 quemadmodum
768 3539 809 3603 ab
833 3562 871 3605 eo
895 3542 945 3606 vel
965 3543 1088 3628 scripta
1110 3568 1182 3611 esse
1202 3549 1254 3613 vel
1273 3571 1332 3634 po·

185 3651 286 3716 tuisse
311 3646 408 3712 scribi
433 3644 636 3710 videbantur:
661 3666 744 3729 quae
768 3645 794 3710 si
820 3646 881 3711 tibi
905 3652 938 3712 et
960 3651 1072 3732 paucis
1095 3653 1170 3737 illis,
1193 3655 1249 3739 qui
1273 3656 1332 3722 hu-

184 3779 256 3823 rum
287 3776 393 3819 rerum
422 3751 563 3837 aliquem
587 3773 717 3816 sensum
741 3751 876 3836 habent,
904 3776 970 3820 non
998 3757 1237 3847 displicuerint,
1265 3787 1331 3830 non

184 3885 338 3949 quaeram
371 3859 446 3947 quid
478 3858 527 3922 illi
559 3858 716 3941 sentiant,
753 3858 808 3944 qui
842 3866 898 3926 aut
931 3862 1101 3931 devoratas
1134 3890 1207 3932 cum
1239 3871 1331 3936 omni

184 3969 348 4057 squallore
367 3989 475 4033 scores
495 3965 701 4030 membranas
720 3969 776 4029 aut
795 3988 948 4050 procusos
969 3972 1010 4035 ab
1033 3995 1104 4037 sese
1118 3975 1331 4063 confragosos

183 4098 336 4144 numeros
373 4074 759 4157 omnipotentemque
795 4073 818 4136 d
852 4072 1028 4141 litteram
1067 4080 1135 4144 sine
1167 4083 1330 4151 cruditate

184 4179 414 4268 concoquunt’.
438 4217 480 4227 -

187 4316 394 4327 -—-.·.

254 4379 279 4447 ψ)
300 4375 411 4449 [assiu.
431 4374 559 4430 huncum
578 4373 596 4427 s.
616 4370 689 4427 amr.
710 4370 956 4447 xx1vuscup.
977 4383 1139 4454 ree-usq
