2932 5026
154 287 160 298 ⁸
178 311 245 375 400
309 352 312 358 -
603 327 650 373 aa
674 327 709 373 n.
724 327 897 374 vicaonis

12 550 18 561 ι
178 473 255 534 sime
275 471 386 535 sanum
407 467 521 533 ruina
543 490 565 531 a
581 470 737 550 percussis
759 469 898 551 ipsorum
920 469 1024 532 uriam
1055 467 1208 553 XXXIH,
1221 471 1251 553 4,
1264 471 1298 537 Ε

140 595 421 642 acascomarcos
443 575 550 639 aerari
571 575 620 639 M.
649 574 749 638 Varro
772 580 878 640 arear
899 581 950 641 est.
996 573 1148 661 XXXVI,
1172 577 1223 660 27,
1245 577 1298 641 PC.

178 687 222 749 ud
242 684 385 749 couudsu
407 682 523 746 atacem
545 686 602 746 ord
621 687 756 760 contuso,
779 687 815 746 ul
827 683 877 747 M.
893 682 1009 748 Varro:
1032 684 1110 766 ipsis
1126 685 1210 748 ereim
1227 705 1298 748 uer·

177 793 243 856 eius
263 797 353 855 retur:
387 788 449 854 ‘lie
470 789 550 854 duis
571 793 628 867 est,
651 790 765 871 inquit,
786 788 864 869 soci;
896 791 968 855 iude
989 791 1073 855 cuim
1095 790 1176 854 aare
1198 790 1298 856 cuim

172 903 266 979 putris
288 898 433 980 medetur,
458 902 495 960 ut
516 896 585 960 licet
605 897 706 961 uirlcrc
728 897 930 978 placatores,
957 917 1027 961 cum
1053 897 1243 980 deluserunt,
1268 897 1298 962 1⁴

177 1005 282 1068 irrvari
301 1003 444 1086 potione?
473 1043 515 1049 —
543 1003 604 1067 His
634 1005 748 1069 addere
771 1003 911 1069 fortasse
935 1004 1047 1069 licebit
1069 1004 1193 1086 XXXI,
1217 1005 1248 1088 2,
1275 1009 1298 1071 I,

183 1110 283 1174 Varro
305 1115 412 1174 erector
438 1116 482 1175 est
506 1111 624 1175 Titium
650 1112 803 1192 oriendum
819 1115 973 1192 practico
993 1109 1137 1190 functum
1160 1131 1298 1175 muratori

177 1219 259 1299 ciprii
279 1216 392 1297 faciem
414 1216 555 1281 boiariam
574 1222 700 1299 propter
722 1218 757 1281 id
778 1217 888 1280 vilium
911 1214 1135 1302 (vitiligines):
1165 1217 1297 1282 confides

11 1367 17 1377 ·
177 1324 241 1387 tius
266 1327 373 1388 autem
398 1322 555 1389 Seruiana
577 1324 611 1387 in
635 1322 752 1408 Georg.
766 1322 791 1407 l,
805 1325 880 1388 151:
903 1344 980 1388 nanc
996 1325 1126 1406 proprie
1147 1324 1251 1407 robipo
1268 1346 1298 1389 esi

52 1514 59 1520 ,
176 1436 212 1494 ut
240 1431 340 1495 Varro
367 1432 452 1512 dicit,
484 1431 593 1494 uilicum
623 1430 765 1495 obscenae
797 1431 937 1498 libidinis
967 1432 1050 1513 qrrcd
1074 1431 1163 1495 erlem
1191 1438 1298 1496 ucartm

179 1536 253 1603 Non
283 1538 388 1602 miuus
419 1540 525 1600 antem
557 1537 755 1600 confidenter
785 1559 805 1601 a
833 1537 992 1601 medicina
1020 1557 1231 1622 segregamus
1258 1559 1298 1601 no·

177 1645 272 1709 modo
291 1643 389 1708 Plinii
408 1641 511 1726 XXII,
525 1643 577 1726 25,
595 1639 667 1727 151,
689 1642 744 1706 ubi
769 1642 848 1707 vitio
873 1641 1051 1725 scripturae
1067 1640 1226 1708 Varronis
1244 1644 1298 1709 olii

178 1773 294 1816 nomen
314 1751 491 1834 legebatur,
515 1749 570 1814 sed
590 1750 689 1813 etiam
707 1748 813 1832 Apicii
832 1749 995 1833 geminam
1015 1751 1217 1835 memoriam,
1240 1751 1299 1816 idei

177 1880 295 1923 nomen
313 1856 591 1941 111‚2etV11‚12
614 1879 687 1923 cnm
707 1856 850 1920 edulium
870 1854 1071 1942 (canaonem
1095 1862 1129 1921 et
1150 1858 1298 1922 baddim

177 1965 448 2029 conficiendorum
472 1964 655 2048 praeceptis
680 1963 845 2046 sociantiS,
868 1967 901 2027 et
924 1964 970 2028 ita
995 1965 1150 2030 sociantis
1175 1970 1226 2046 ut,
1248 1966 1298 2050 qui

177 2070 344 2153 Varronis,
368 2070 443 2153 qnid
468 2071 569 2153 ipsius
594 2070 638 2133 sit
658 2070 775 2154 Apicii,
799 2091 894 2155 aegre
918 2070 1103 2155 dignoscas:
1127 2071 1255 2156 dequo
1276 2095 1297 2136 u

177 2197 300 2259 cunque
324 2179 461 2261 statues,
493 2177 612 2241 rectius
641 2177 785 2260 profecto
811 2199 906 2259 qnam
926 2177 965 2240 de
986 2177 1145 2242 medicina
1163 2179 1298 2263 eogitab:

177 2281 215 2346 de
239 2305 277 2346 ea
301 2284 403 2347 satira
426 2306 507 2367 quae
530 2283 688 2367 inscripta
711 2288 782 2348 crat
804 2285 876 2362 περὶ
900 2284 1090 2362 ἐδειμάτων.

700 2552 720 2629 ξ
744 2550 797 2614 22.

264 2711 440 2796 Postquam
469 2710 631 2794 permensi
661 2731 770 2772 eunius
799 2706 1054 2793 fragmentorum
1079 2709 1298 2778 multitudines

177 2820 356 2901 promiscuo
384 2819 599 2902 proditorum,
628 2839 690 2881 non
721 2816 879 2880 inutiliter
907 2818 1017 2900 quaeri
1045 2818 1084 2881 de
1107 2821 1298 2903 tempores

177 2926 271 2989 detur
298 2948 361 3009 quo
389 2926 469 2989 hacc
492 2924 745 3007 Disciplinarum
776 2923 940 2987 volumina
963 2922 1068 2989 Varro
1093 2929 1298 3010 composueri

176 3032 221 3095 Et
239 3031 451 3095 Schneiderns
476 3031 604 3114 quidem
629 3029 715 3113 quod
740 3052 854 3094 comm.
878 3030 916 3092 de
931 3029 1090 3095 Varronis
1114 3032 1183 3097 vita
1206 3037 1241 3097 et
1262 3056 1298 3099 se

52 3158 54 3160 ·
176 3160 206 3221 p.
231 3138 296 3200 234
319 3137 403 3201 inter
428 3160 455 3200 a,
479 3136 543 3200 699
568 3141 601 3199 et
625 3137 688 3200 706
718 3136 854 3220 scriptos
883 3136 979 3220 dixit,
1007 3138 1077 3202 sola
1105 3141 1249 3204 confisus
1271 3164 1298 3204 ‹-

176 3242 279 3307 Caelii
303 3243 375 3308 Rufi
399 3244 564 3328 memoria,
588 3265 670 3327 quac
694 3265 792 3326 quam
815 3244 859 3306 sit
882 3243 999 3308 dubiae
1024 3245 1111 3329 fidei,
1135 3247 1155 3325 ξ
1179 3246 1201 3308 5
1224 3247 1298 3311 diss

176 3353 306 3416 ruimus.
340 3350 484 3416 Primum
504 3354 612 3415 autem
633 3354 758 3414 tanturn
779 3353 902 3413 certum
917 3353 976 3434 est,
994 3373 1058 3415 non
1078 3373 1149 3415 esse
1169 3375 1189 3415 a
1208 3353 1298 3418 iure

175 3461 336 3525 conditos:
360 3483 435 3524 nam
460 3463 493 3522 ct
515 3457 725 3541 Asclepiades
748 3457 804 3520 ille
828 3455 1002 3540 Bithynus,
1025 3459 1065 3523 de
1090 3481 1154 3544 quo
1178 3462 1199 3539 ἓ
1224 3461 1295 3538 21,

175 3568 311 3650 dictum,
338 3567 486 3649 Pompeii
514 3569 620 3630 aetate
649 3566 756 3629 clarus
784 3563 847 3626 fuit
869 3567 953 3627 teste
977 3564 1098 3647 Plinio,
1122 3570 1156 3630 et
1178 3567 1298 3631 ciusd1

175 3674 319 3756 compar
344 3694 395 3735 res
421 3654 639 3736 nathanaei
665 3671 750 3736 beno
774 3670 804 3734 a.
829 3691 855 3733 e.
879 3670 971 3734 anna
995 3672 1060 3736 sse
1076 3694 1146 3757 sqq.
1170 3678 1298 3758 geras

175 3778 322 3843 Varrone
346 3785 616 3845 commemoratas
640 3802 710 3844 esse
734 3780 873 3844 vidimus
897 3780 984 3861 319,
1008 3780 1038 3843 2.
1084 3777 1148 3844 Sed
1171 3782 1298 3865 gravis

176 3908 263 3949 mum
297 3885 376 3950 illud
409 3890 472 3970 cst,
505 3887 589 3971 quod
614 3885 794 3951 Varronem
827 3887 866 3951 de
898 3884 1048 3969 aspidum
1079 3885 1146 3950 ictu
1177 3908 1298 3952 sanan

176 3989 298 4056 Plinius
322 3992 444 4077 XXIX,
467 3994 502 4076 4,
525 3994 568 4058 65
596 3992 905 4077 praecepissedieit
928 3991 1014 4057 vitae
1038 4014 1124 4057 anno
1149 3997 1278 4059 octavo

176 4100 384 4183 octogesimo.
417 4100 510 4177 Quod
529 4101 557 4164 si
578 4105 664 4164 recte
683 4102 825 4165 creditur
844 4100 959 4180 fecisse
978 4099 1012 4164 in
1030 4099 1114 4164 libro
1136 4100 1298 4165 medicina

135 4226 161 4264 a
176 4206 261 4269 hunc
293 4208 500 4290 consequitur
532 4208 603 4291 ipso
632 4230 716 4271 anno
741 4208 781 4271 ab
808 4231 835 4270 u.
860 4229 885 4270 c.
911 4206 975 4270 726
999 4228 1070 4270 esee
1094 4208 1298 4291 compositu:

175 4313 268 4378 Vnde
290 4313 491 4399 intellegitur
518 4338 556 4379 cx
582 4315 794 4398 amplioribus
818 4313 947 4398 quidem
972 4315 1218 4378 commentariis
1242 4311 1298 4378 Va:

175 4421 263 4485 ronis
287 4421 437 4486 omnibus
465 4422 523 4486 hos
553 4421 592 4485 de
620 4420 799 4504 disciplinis
823 4420 957 4486 ultimos
981 4420 1081 4485 fuisse
1105 4421 1224 4505 quibus
1246 4442 1298 4507 op·
