2956 5018
439 349 516 397 srva
541 350 790 398 nannouanvu
813 352 916 398 arsur.
1185 334 1248 397 557

140 489 277 573 Aeschyli,
304 487 490 574 Sophoclis,
518 491 685 576 Euripidis
709 493 879 576 splendore
904 493 1024 557 maiore
1050 513 1126 556 sane
1154 493 1251 557 inter·

140 596 205 662 rsllo
231 596 327 661 ceteri
360 597 477 681 tragici
514 599 778 682 relinquebantur
814 620 910 682 quam
946 598 988 663 ab
1022 598 1252 682 Aristophanis

139 700 341 788 limandrique
374 703 464 768 fama
495 706 609 770 comici
642 706 748 770 ceteri.
798 705 887 788 Ergo
922 706 949 768 si
981 728 1046 770 non
1068 706 1252 788 ‘pauciores

139 830 214 894 quam
237 811 375 894 quinque
402 810 533 876 fuerunt
556 812 699 876 solorum
729 818 899 895 poetarum
926 811 1158 895 hebdomades,
1188 834 1253 876 non

140 921 285 999 potierant
307 938 380 981 cum
405 918 511 1000 poetis
536 919 634 982 etiarn
660 919 849 1001 scriptores,
877 918 994 1002 quibus
1017 918 1165 1001 profecto
1189 939 1307 982 noum

139 1022 202 1086 atis
221 1023 311 1106 spatii
335 1027 405 1087 erat
431 1022 465 1087 in
493 1022 706 1088 hebdomadis
734 1023 873 1106 duabus,
902 1024 997 1087 nnius
1026 1024 1101 1088 libri
1130 1025 1254 1088 ambitu

139 1128 269 1211 copulari:
301 1128 332 1192 id
361 1128 447 1212 quod
476 1152 574 1211 supra
602 1130 860 1213 anticipabamus
888 1133 1024 1194 tantum.
1067 1130 1188 1206 Quodsi
1217 1131 1256 1194 de

142 1240 214 1298 sexta
231 1236 428 1320 septimaque
452 1235 652 1299 hebdomade
677 1237 751 1300 libri
777 1237 859 1300 serti
884 1237 1026 1329 quaeris,
1049 1238 1081 1299 in
1105 1240 1254 1319 promptu

140 1341 231 1404 cttvel
247 1342 284 1406 do
299 1342 500 1426 tragicorum
515 1342 639 1425 pleiade
650 1342 944 1407 Alexandrinorum
960 1341 1102 1424 cogitare
1114 1340 1255 1425 (quando

143 1445 217 1510 aban
233 1447 265 1512 in
283 1448 357 1512 aliis
377 1447 535 1512 classibus
553 1447 647 1513 binas
666 1449 765 1513 fuisse
786 1449 880 1512 unius
899 1447 1015 1530 capitis
1035 1446 1255 1511 hebdomadas

96 1572 102 1633 ζ
141 1547 209 1615 infra
222 1553 453 1640 cognoscetur),
477 1555 527 1617 vel
549 1555 589 1618 de
612 1555 811 1638 poetriarum
831 1555 1027 1617 Graecarum
1046 1552 1256 1635 hebdomade,

143 1655 181 1718 rcl
198 1656 324 1724 fortasse
348 1661 387 1723 de
412 1661 516 1744 capite
540 1661 685 1725 miscello
709 1683 772 1746 quo
796 1662 885 1724 velut
908 1658 1143 1742 iambographi,
1167 1660 1255 1723 sillo-

99 1820 102 1825 .
142 1763 244 1847 graphi,
269 1766 529 1850 epigrammatici
558 1768 782 1832 subicerentur
804 1790 877 1830 cum
901 1766 1071 1830 similibus.
1111 1765 1255 1829 Percom-

143 1867 213 1932 mode
243 1872 342 1955 eninr,
379 1878 415 1937 ut
452 1875 539 1957 ipsas
578 1875 696 1940 classes
733 1874 928 1957 principales
966 1872 1106 1954 septima
1142 1872 1255 1936 classis

144 1971 272 2060 miscella,
303 1979 352 2043 ita
384 1979 528 2044 eiusdem
560 1981 609 2044 vel
638 1981 754 2043 classis
784 1981 833 2044 vel
866 1980 942 2043 libri
975 2000 1029 2043 sex
1063 1979 1256 2061 principalia

96 2130 101 2169 ς
144 2081 225 2161 “pita
244 2083 322 2148 item
346 2084 526 2149 miscellam
546 2087 719 2169 septimum
739 2086 929 2169 excipiebat.
965 2084 1059 2160 Quod
1083 2086 1110 2148 si
1134 2086 1256 2168 pariter

96 2172 103 2225 '²
144 2180 342 2256 nascebatur
360 2191 394 2254 in
412 2190 549 2273 Latinis,
569 2192 607 2255 ad
627 2193 693 2255 tale
713 2196 811 2275 caput
829 2191 940 2254 referri
961 2191 993 2254 iu
1013 2189 1098 2255 libro
1118 2192 1255 2274 septimo

145 2306 198 2356 tum
218 2296 284 2361 aliis
312 2295 455 2360 Lucilius
489 2281 620 2380 potuit,
643 2298 694 2362 cui
724 2303 813 2362 certa
844 2299 879 2361 in
906 2302 994 2361 certo
1023 2319 1138 2382 genere
1167 2298 1256 2361 nullo

145 2395 211 2463 als
234 2407 323 2467 esset
367 2402 414 2466 De
438 2402 569 2488 reliquis
593 2408 701 2467 autem
731 2404 893 2486 capitibus
924 2402 999 2466 libri
1028 2404 1160 2486 septimi
1188 2403 1256 2466 noli

144 2498 302 2573 donorio
331 2507 478 2573 dubitare
507 2510 584 2592 quin
612 2512 690 2574 satis
720 2511 875 2573 materiae
903 2509 1044 2572 Varroni
1073 2509 1256 2583 litterarum

144 2599 299 2679 latinarum
328 2616 441 2698 copiae
471 2616 722 2698 suppeditariut,
756 2617 838 2680 unde
867 2617 1006 2699 quinque
1039 2614 1256 2679 hebdomadas

96 2728 106 2817 ἱΙ
144 2709 255 2785 efficeret
277 2727 405 2805 praeter
423 2723 532 2805 epicos
556 2728 669 2805 poetas
691 2723 912 2799 Quinctiliauo
936 2722 1014 2785 (lucc
1033 2743 1131 2804 supra
1153 2723 1255 2785 nomi·

96 2822 99 2885 i
143 2826 224 2890 ustos:
248 2829 344 2893 modo
372 2828 435 2893 duo
460 2851 499 2892 ne
524 2830 715 2894 obliviscare
744 2852 826 2913 quac
854 2830 917 2892 huc
948 2829 1072 2892 faciunt
1099 2829 1256 2910 inprimis.

144 2918 208 2993 Nan
233 2935 370 3017 primum
399 2941 653 2999 consentaneum
682 2941 733 2999 est
760 2935 863 2998 multo
892 2935 983 2998 illum
1011 2935 1190 2998 faciliorem
1222 2936 1256 2998 in

143 3025 179 3095 bb
196 3059 223 3103 se
245 3042 348 3123 poetis
372 3041 582 3105 aestimandis
610 3041 748 3105 iudicem
774 3041 912 3125 gessisse
937 3063 1033 3124 quam
1058 3040 1090 3104 in
1115 3040 1257 3123 Graecis,

96 3134 106 3241 ξ
143 3154 249 3217 quorum
272 3146 429 3211 honorem
453 3147 560 3211 dedita
579 3169 678 3230 opera
697 3168 874 3229 exaequare
893 3146 1113 3210 Romanorum
1139 3148 1257 3210 virtute

96 3244 100 3325 l
143 3243 222 3314 vellet
258 3251 383 3316 Deinde
412 3259 519 3316 autem
550 3276 681 3336 prorsus
706 3259 755 3316 est
783 3253 935 3316 credibile
965 3277 1004 3316 ue
1033 3254 1257 3317 obscuriorum

96 3372 99 3413 ἐ
142 3351 254 3439 qudem,
284 3365 320 3421 ut
347 3360 441 3423 nobis
464 3382 548 3423 nunc
578 3359 739 3441 videntur,
767 3359 935 3421 hominum
959 3358 1148 3423 Latinorum
1177 3361 1256 3423 ima-

96 3472 101 3553 ,
141 3454 209 3534 &aas
230 3463 269 3526 ad
294 3464 402 3528 vivum
427 3465 529 3529 factas
549 3487 701 3549 umquam
728 3466 882 3530 defecisse
902 3464 1082 3527 Varronem
1105 3465 1138 3527 in
1164 3469 1257 3528 tanta

96 3556 101 3677 ζ
142 3552 214 3632 huus
234 3572 361 3655 generis
386 3572 471 3653 apud
494 3571 659 3635 Romanos
684 3576 716 3636 et
739 3572 846 3656 gratia
869 3576 902 3632 ct
925 3570 1115 3653 frequentia
1149 3572 1256 3655 Atque

96 3686 100 3763 l
142 3664 305 3741 danobis
329 3677 426 3741 hodie
449 3678 604 3760 perfacile
624 3684 674 3741 est
693 3677 831 3761 (experti
853 3677 1066 3760 affirmamus)
1086 3700 1123 3740 ex
1146 3700 1255 3741 eorum

96 3766 99 3851 i
141 3781 280 3849 sumum
311 3781 503 3847 Latinorum
536 3783 737 3865 nominibus,
774 3805 910 3866 quorum
947 3785 1095 3865 quamvis
1128 3789 1256 3848 tenuem

96 3876 98 3925 ¹
141 3888 302 3952 aenariam
326 3910 391 3950 non
419 3887 536 3950 invidit
563 3889 658 3952 nobis
687 3892 871 3971 temporum
898 3889 1066 3971 iniquitas,
1099 3895 1150 3953 tot
1178 3897 1257 3973 (quot

141 4000 200 4064 <llus
220 3999 295 4058 sunt
317 3992 537 4057 hebdomadas
561 4015 766 4076 componere:
797 4017 895 4057 unam
925 4016 1006 4077 quae
1031 3994 1134 4058 altera
1161 3996 1258 4061 fuerit

141 4089 290 4168 elitorum:
310 4121 408 4163 unam
426 4099 642 4182 elegiacorum
662 4100 913 4184 lyricorumque:
933 4100 1131 4183 tragicorum
1146 4124 1256 4167 unam:

140 4184 244 4269 fabulae
267 4205 420 4289 palliatae
440 4206 545 4289 poetis
567 4205 707 4270 dicatam
727 4228 838 4270 unam:
863 4228 960 4269 unam
980 4228 996 4268 e
1014 4206 1144 4270 fabulae
1163 4214 1256 4292 toga·

140 4296 185 4384 Ν,
199 4309 375 4394 Atellanae,
393 4312 565 4375 mimorum
585 4313 689 4395 poetis
710 4316 938 4392 constructam,
956 4312 1019 4376 nisi
1038 4313 1121 4377 forte
1140 4314 1257 4379 horum

140 4406 243 4482 quidam
275 4417 316 4482 ad
350 4421 447 4500 caput
479 4418 659 4482 miscellam
691 4420 801 4482 reiecti
838 4422 922 4481 suut
971 4417 1056 4483 Nam
1090 4420 1255 4503 aequalem
