2932 5026
188 335 230 398 72
533 349 975 397 aro-mamoennrarseaas

187 493 364 580 thetigkeit
401 494 452 558 die
490 492 748 578 Besehiiftigung
785 493 845 556 mit
882 491 1059 557 weltlicher
1088 491 1332 577 ‘Philosopbie'

185 602 251 666 und
279 603 340 666 den
368 600 577 666 heidnischen
602 600 738 676 Quellen
766 600 949 683 derselben,
981 600 1050 665 also
1079 600 1140 664 mit
1161 601 1237 664 dem
1261 598 1333 665 Stu-

187 711 274 775 dium
308 710 364 775 der
397 707 632 773 ‘Humaniora'
665 711 830 794 vertrage:
867 708 971 772 wofiir
1002 708 1059 773 der
1090 707 1333 774 Ennianiscben

187 817 349 882 Weisheit
381 815 693 900 ‘philosophandum
727 819 777 880 eat
808 815 935 899 poncia,
972 837 1047 880 nam
1081 815 1214 881 omnino
1249 815 1336 881 haud

187 923 310 1010 placet’
335 924 388 988 ein
412 921 676 987 entseheidendes
700 920 848 986 Gewieht
870 921 1111 1007 zugesproehen
1136 921 1226 987 wird.
1269 921 1337 988 nur

187 1034 275 1099 aeine
298 1030 541 1096 Plautinisehen
564 1031 723 1095 Arbeiten
745 1029 952 1115 libergehend
981 1030 1106 1115 sprieht
1133 1051 1167 1094 er
1191 1029 1262 1095 sich
1286 1052 1337 1097 so·

187 1143 274 1205 <lanu
292 1137 337 1224 (p.
352 1138 415 1202 537
427 1135 473 1224 ff.)
493 1138 554 1202 mit
572 1138 653 1202 eben
673 1160 708 1201 so
728 1137 953 1203 bescheidcncr
976 1138 1038 1202 wie
1060 1138 1132 1203 klar
1156 1138 1338 1202 bewusster

188 1245 476 1331 Selbstachiitzung
507 1268 564 1310 aus
594 1245 674 1309 iiber
704 1245 762 1309 das
790 1268 858 1310 was
893 1266 927 1309 er
959 1245 1076 1310 lcisten
1105 1244 1239 1330 gewollt
1272 1246 1337 1310 und

188 1378 255 1420 was
280 1377 314 1419 er
337 1352 488 1439 geleistet
511 1375 549 1416 au
573 1352 679 1416 haben
702 1352 834 1437 glaube3
868 1352 948 1417 liber
976 1353 1086 1438 billige
1115 1353 1179 1417 und
1204 1353 1335 1417 freund·

134 1463 274 1528 eutiche
298 1460 501 1527 Beurtheiler
525 1460 589 1524 und
613 1459 796 1545 bliswillige
820 1457 986 1545 Gegner⁶)
1009 1482 1039 1524 u.
1062 1460 1127 1546 dgl.
1151 1484 1202 1545 m,
1225 1459 1278 1525 bis
1302 1482 1339 1526 er

261 1712 288 1777 6)
308 1710 338 1766 P.
358 1715 408 1763 537
424 1708 459 1762 t:
480 1707 642 1778 ‘Plautiua,
662 1725 734 1777 quae
753 1709 784 1762 tu
803 1708 957 1763 curandum
976 1709 1007 1762 ut
1026 1708 1117 1763 denuo
1136 1708 1338 1778 exprimantur,

188 1801 285 1870 prutes,
314 1799 354 1853 ita
378 1799 442 1851 sunt
464 1797 613 1868 diligentia
640 1798 831 1868 industriaque
851 1798 937 1853 studii
956 1797 1011 1853 mei
1031 1799 1190 1866 elaborata,
1219 1801 1336 1854 utente

188 1906 280 1943 meam
299 1888 381 1942 huius
399 1888 521 1942 auctoris
540 1887 689 1943 editionem
711 1888 817 1943 nullam
836 1886 946 1958 uspiam
960 1888 1178 1943 emendatiorem
1194 1905 1255 1943 esse
1270 1906 1335 1944 con·

188 1980 313 2049 spectum
332 1977 482 2044 affirmare,
502 1979 531 2032 et
548 1977 623 2031 hunc
642 1979 773 2032 conatam
792 1975 834 2030 ita
851 1978 923 2032 benc
941 1977 1116 2047 processisse,
1135 1979 1168 2031 ut
1187 1995 1250 2032 cum
1269 1995 1337 2033 non-

189 2067 329 2122 nullorum
356 2065 464 2120 inuidia
490 2065 581 2120 laudis
607 2065 713 2133 aliquid
741 2065 886 2134 meruerit,
904 2065 1046 2123 ,arbitrari
1071 2083 1152 2136 posse
1178 2067 1333 2122 videamur.

188 2156 294 2210 Nactus
317 2155 425 2209 fueram
448 2153 621 2224 exemplaria
643 2155 698 2209 duo
723 2154 840 2223 antiqua
863 2155 898 2210 ab
923 2153 1043 2210 indoctis
1068 2153 1189 2209 librariis
1214 2159 1336 2212 exarata

189 2247 231 2300 Ea
249 2262 366 2314 sequens
384 2246 413 2298 et
430 2243 569 2298 adhibens
588 2244 775 2314 cogitationes
793 2246 952 2312 accuratae,
976 2247 1005 2299 et
1028 2245 1191 2300 adiumenta
1214 2243 1337 2315 undique

189 2335 336 2404 colligens,
364 2333 406 2387 ita
429 2332 595 2387 concinnaui
619 2332 731 2386 tabulas
750 2332 907 2399 Plautinas,
939 2335 971 2386 ut
993 2350 1049 2388 non
1074 2331 1188 2402 quidem
1212 2332 1336 2405 integras

188 2425 383 2493 perfectasque
407 2420 483 2476 omni
502 2420 629 2475 bonitate
654 2439 700 2476 eas
719 2437 779 2476 esse
799 2421 955 2488 crederem;
981 2421 1030 2476 scd
1048 2424 1080 2476 nt
1097 2420 1152 2476 ista
1170 2421 1301 2491 exposita
1317 2439 1336 2476 a

188 2513 268 2568 nobis
296 2511 497 2582 perscriptione
525 2511 626 2566 utilem
653 2510 803 2565 lectionem
829 2509 962 2565 studiosis
990 2510 1085 2564 Latini
1111 2510 1247 2566 sermonis
1273 2528 1336 2566 con·

189 2601 315 2656 ciliatum
338 2601 372 2655 iri
396 2603 557 2656 statuerem.
594 2601 687 2668 Atque
713 2600 777 2669 plus
801 2598 925 2669 impendi
949 2599 1085 2669 temporis
1103 2598 1147 2654 his
1165 2599 1336 2655 lucubratio·

188 2690 278 2757 nibus,
298 2690 513 2758 occupatiorque
533 2688 573 2741 sui
592 2687 620 2741 in
635 2688 689 2742 isto
705 2705 797 2758 opere,
816 2705 900 2756 quam
919 2687 1039 2742 sortasse
1058 2687 1212 2758 debuerim,
1230 2692 1336 2744 utnon

188 2783 247 2834 tarn
270 2779 447 2849 gloriandum
471 2779 507 2833 ob
526 2778 596 2833 haec
615 2778 727 2845 effecta,
755 2795 839 2846 quam
866 2780 981 2847 propter
999 2777 1159 2832 intermissa
1177 2776 1336 2848 omissaque

189 2869 245 2924 alia
269 2868 468 2939 poenitendum
492 2884 551 2922 ease
575 2867 712 2921 videatur.
750 2866 829 2932 Quod
853 2867 877 2921 si
900 2867 934 2921 de
958 2865 1063 2921 nostris
1086 2866 1229 2922 laboribus
1248 2867 1333 2923 etiarn

189 2957 362 3023 testimonia,
390 2955 491 3024 quibus
509 2955 552 3009 illi
571 2955 748 3010 celebrentur
767 2957 973 3024 ornanturque,
1001 2955 1120 3026 proferri
1143 2973 1257 3012 necesse
1281 2960 1336 3012 eet:

189 3044 251 3101 Etsi
269 3045 319 3100 alii
337 3062 448 3114 quoque
467 3044 594 3099 doctrina
613 3043 723 3099 erudita
742 3046 914 3101 excellentes
933 3045 985 3100 viri
1004 3045 1033 3100 iu
1052 3045 1108 3100 suis
1126 3045 1239 3115 seriptis
1258 3063 1337 3102 meae

189 3134 342 3190 industriae
362 3133 542 3188 laudabiliter
565 3133 765 3203 meminerunt,
791 3153 875 3188 unum
894 3139 989 3189 tamen
1009 3135 1183 3190 solummodo
1202 3153 1258 3191 non
1273 3134 1338 3204 ,siue

189 3222 298 3294 ingenti
326 3221 422 3276 dolore
450 3238 539 3291 nuper
566 3222 636 3276 adeo
663 3221 798 3277 amissum
824 3225 853 3277 et
880 3225 970 3278 morte
995 3223 1151 3293 sublatum,
1180 3225 1336 3280 Adriaunm

190 3313 349 3385 Turnebum
369 3312 567 3367 nominandum
585 3312 767 3383 putauimus.'
796 3312 915 3367 Hierauf
930 3313 975 3368 eiu
995 3313 1199 3383 ausgeli'rhrtes,
1218 3331 1337 3370 warnier

190 3403 250 3458 Lob
278 3403 327 3457 des
352 3401 495 3456 Turnebus
524 3403 588 3471 (den
617 3419 647 3457 er
673 3403 703 3457 in
731 3401 877 3456 ahnlicher
896 3402 989 3457 Weiss
1013 3401 1042 3456 in
1066 3402 1158 3457 einem
1182 3403 1274 3458 Briele
1297 3420 1335 3458 an

190 3492 309 3547 Lambin
328 3509 392 3546 vom
412 3493 437 3546 J.
458 3497 525 3545 1567
546 3493 587 3561 (p.
608 3494 671 3560 299)
690 3491 784 3559 leiert,
811 3491 875 3545 dem
898 3509 928 3544 er
952 3491 1024 3546 auch
1048 3491 1137 3546 direct
1160 3491 1235 3546 scine
1254 3509 1335 3548 aner·

190 3582 362 3637 kennendste
395 3580 599 3649 Hochacbtung
632 3581 750 3652 bezeugt
781 3581 859 3635 hatte
894 3580 924 3634 in
956 3581 1019 3635 dem
1052 3580 1213 3636 undatirten
1242 3579 1335 3636 Briet'e

190 3691 216 3741 p.
236 3677 287 3725 300
298 3671 345 3739 a),
365 3669 421 3723 rmd
440 3669 528 3723 dana:
549 3669 699 3724 ‘Adrianus
719 3669 806 3740 igitur
825 3670 970 3724 Turnebus
990 3672 1017 3723 et
1037 3669 1170 3739 probauit
1187 3669 1285 3724 multis
1304 3669 1335 3725 in

190 3759 259 3815 locis
277 3758 430 3813 editionem
450 3761 576 3814 nostram
595 3759 768 3827 Plautium,
797 3763 826 3814 et
844 3776 915 3828 quae
935 3758 1056 3813 mutauit
1073 3758 1132 3828 ipse
1151 3758 1255 3815 iudicio
1274 3777 1334 3828 suo,

190 3848 247 3904 illis
266 3848 420 3904 asserendis
444 3867 587 3920 nunquam
611 3850 683 3906 dixit
706 3849 774 3903 mihi
794 3847 1041 3917 (quemadmodum
1059 3846 1105 3901 hic
1124 3850 1218 3901 noster
1236 3849 1337 3902 auctor

190 3939 325 4008 loquitur)
351 3938 540 3996 inclementer.
578 3941 636 3995 Alii
662 3940 776 4009 quidam
802 3938 966 4008 petiuerunt
990 3955 1034 3991 me
1060 3938 1089 3990 et
1114 3938 1180 3991 sunt
1207 3935 1339 3992 insectati

191 4027 382 4083 vehementius
402 4031 486 4098 atque
505 4029 678 4098 insolentius,
698 4047 761 4084 eum
780 4027 882 4096 quibus
901 4044 954 4099 ego
973 4044 1028 4082 non
1048 4024 1225 4094 contendere,
1244 4028 1274 4080 et
1292 4041 1337 4080 ac·

192 4122 287 4188 ceptus
311 4118 410 4188 plagas
438 4119 533 4189 potius
557 4119 680 4190 perpeti,
708 4137 793 4188 quam
816 4118 998 4188 repugnando
1023 4116 1091 4187 ipsis
1116 4113 1201 4169 etiam
1226 4113 1338 4183 aliquas

192 4208 348 4279 impingere
367 4208 444 4264 volo:
464 4208 506 4265 Ne
526 4209 587 4264 rixa
605 4209 712 4264 oriatur
730 4209 770 4278 (id
787 4208 862 4277 quod
876 4207 936 4262 fieri
951 4207 1040 4261 solere
1054 4203 1173 4259 nostrati
1187 4202 1337 4273 prouerbio

193 4298 305 4367 dicitur)
330 4295 510 4353 referiendo'.
549 4297 654 4353 Woran
678 4297 736 4352 sich
762 4297 806 4352 die
831 4294 1066 4365 Itcchtlertigung
1090 4293 1166 4348 einer
1191 4291 1336 4347 einzelnen

191 4405 246 4441 ron
270 4388 328 4442 ihm
354 4387 565 4457 ausgestelllen,
590 4388 655 4442 aber
680 4387 756 4442 starlr
781 4386 1003 4457 angeloehtenen
1023 4387 1051 4454 (Ξ)
1075 4383 1264 4452 Behauptung
1288 4398 1336 4436 aa·

193 4477 333 4532 schliesst:
362 4475 485 4532 naaliel
509 4477 570 4532 duas
595 4477 644 4532 der
670 4476 822 4532 iambische
842 4474 912 4529 Vers
936 4473 1038 4528 ticinen
1057 4471 1181 4527 Creticus
1199 4472 1270 4525 statt
1287 4469 1337 4526 des
