2932 5026
273 314 337 379 188
681 332 728 379 nn
752 330 1009 379 annanamona

275 470 350 525 Poe.
369 468 464 534 Istud,
482 472 507 522 et
527 468 577 523 ‘sic
595 469 661 535 sere’
682 469 826 536 Bottiaei,
845 486 859 524 e
876 485 992 539 querum
1004 469 1127 524 Berol.2
1142 473 1289 537 praeterea
1307 470 1422 536 offerire

274 557 446 617 citharistria

346 645 557 700 PROLOGUS
582 650 654 700 totus
676 647 750 701 abest
773 647 808 701 ab
832 647 863 699 Ε
986 654 1002 700 3
1027 664 1120 700 snmus
1136 647 1314 715 paenultima
1332 647 1423 702 littero

272 741 393 791 correcto
414 737 437 791 0
562 741 579 788 4
611 736 673 805 lpse
691 735 727 790 de
745 753 775 790 se
794 735 897 790 indicio
916 740 991 790 uetus
1009 736 1092 790 editio
1110 752 1157 805 ap.
1182 735 1316 793 Weeterls.

272 825 326 879 erit
339 824 428 880 BOF.
447 822 531 893 eripit
545 824 580 877 A.
600 824 654 879 erit
667 828 697 880 et
706 825 743 892 D,
762 826 838 880 codd.
853 826 966 895 quidam
986 825 1171 892 Meterkosa,
1190 825 1290 880 Botere
1308 824 1421 880 Helmet.

272 920 297 968 et
311 914 403 980 Fra..
423 913 526 968 Perleti
539 913 662 982 (111111
744 914 849 969 indices
868 913 946 970 eritis
964 913 1000 971 B.
1020 913 1125 968 indices
1145 914 1175 983 0,
1193 916 1226 967 im
1244 930 1313 982 mrp.
1329 915 1420 982 poeste

273 1003 350 1057 oritis
453 1009 526 1058 tan
544 1020 593 1058 om.
614 1004 640 1056 A
749 1002 814 1057 duci
836 1003 860 1056 it
877 1001 983 1058 factum
1002 1004 1037 1056 A.
1065 1001 1130 1058 duci
1147 1003 1255 1057 factum
1275 1002 1305 1056 id
1323 1002 1417 1058 Bemb.

272 1097 297 1146 et
321 1092 389 1147 Vict.
409 1097 472 1146 teste
490 1092 612 1159 Faeruo,
630 1093 737 1162 duoque
755 1092 838 1162 Repir'
855 1091 946 1146 Bmetl.
984 1091 1049 1145 duci
1067 1091 1173 1146 factum
1191 1091 1307 1147 BCDF
1321 1098 1348 1147 et
1367 1093 1431 1147 Bo—

272 1183 362 1236 titiani
382 1183 506 1251 ‘praeter
525 1181 796 1252 Guelferbytaamn'.
834 1180 863 1234 id
886 1196 936 1234 om.
961 1181 1038 1236 codd.
1056 1181 1169 1250 quidam
1193 1181 1276 1236 Wect.

272 1279 288 1325 6
321 1270 632 1340 synapothes...contes
656 1271 745 1325 tribus
768 1270 867 1324 litteris
890 1270 976 1323 masse
1000 1268 1028 1322 O.
1067 1269 1250 1340 sinapothnes
1269 1274 1368 1326 centes
1386 1271 1432 1328 F.

272 1359 530 1429 sinapothescontes
550 1358 633 1414 diffili
650 1375 711 1429 sup.
730 1375 781 1414 scr.
801 1359 945 1414 Gellianus
963 1363 979 1410 1
1085 1360 1156 1414 difili
1173 1359 1256 1415 BOD
1311 1369 1314 1375 ’
1375 1378 1426 1416 co-

272 1466 412 1521 moediast
430 1467 465 1521 A.
485 1465 630 1521 comoedia
648 1469 691 1521 eat
708 1467 773 1522 BD.
803 1442 929 1522 comddia
948 1470 990 1521 est
1011 1466 1040 1520 0.
1069 1465 1196 1521 comedia
1215 1468 1259 1521 est
1278 1466 1309 1520 F

273 1562 288 1609 'l
316 1556 444 1625 planatus
464 1555 488 1609 0
505 1560 569 1610 ante
585 1572 714 1610 rasuram
813 1556 1011 1612 Sadolescens
1031 1556 1061 1609 F
1148 1554 1235 1626 eripit
1252 1557 1345 1611 uestri
1362 1572 1421 1611 cum

271 1644 309 1710 F,
329 1645 429 1698 ‘omues
446 1644 517 1710 serc’
539 1643 656 1710 Faerui,
673 1646 729 1700 duo
749 1662 782 1699 ex
795 1647 982 1700 uetustissimis
996 1645 1097 1711 Bruti,
1118 1644 1270 1700 Palatinus
1284 1645 1419 1714 Fabricii,

272 1733 465 1787 Dumelmeusie
483 1737 507 1785 et
525 1732 559 1785 N
561 1734 578 1802 β
601 1733 709 1802 Leupii.
746 1733 850 1804 eripuit
872 1733 973 1803 Lempii
995 1733 1103 1803 Slupp„
1131 1732 1213 1810 φφ.
1233 1733 1308 1799 cua,
1340 1733 1418 1801 Pela,

271 1821 304 1874 N
309 1823 326 1891 β
344 1827 369 1875 et
388 1837 478 1875 omues
497 1821 656 1889 Bodleioui,
674 1839 707 1878 ac
723 1825 841 1891 plurimi
866 1823 946 1878 Was
1028 1829 1044 1877 9
1064 1840 1128 1878 eum
1146 1839 1197 1878 om.
1218 1823 1317 1878 Mart.
1336 1829 1361 1877 et
1375 1841 1416 1892 pr.

270 1928 304 1964 m.
324 1910 530 1978 Boeuctermat„
550 1911 641 1978 Gueti.
660 1917 696 1977 2,
715 1912 828 1966 Heleni.
847 1919 872 1967 et
890 1911 1024 1981 Friturp.
1142 1911 1272 1980 planatus
1293 1911 1317 1966 0

274 2007 305 2054 10
324 2000 444 2069 reliquid
463 1999 493 2052 D
600 2001 894 2066 lineamentum
1004 2000 1104 2055 sumsit
1121 1999 1153 2054 F
1260 2007 1291 2055 11
1313 2001 1418 2058 adelfos

272 2089 353 2143 BOD
463 2095 496 2143 13
516 2088 681 2143 existimetis
699 2091 788 2144 uestri
805 2107 866 2144 cum
885 2090 1107 2144 Fritemo.17
1217 2096 1251 2145 14
1270 2091 1418 2160 preteritas

271 2179 298 2231 B
415 2176 592 2247 neclegentia
610 2178 654 2232 est
671 2178 706 2232 A.
736 2179 915 2249 neglegentia
933 2180 977 2233 est
994 2179 1052 2233 rell.
1173 2186 1205 2234 16
1232 2180 1367 2235 maledici
1383 2182 1418 2235 A.

271 2267 403 2322 malenoli
421 2267 533 2321 BODF
611 2266 714 2322 nobilis
733 2268 768 2323 A.
793 2267 902 2322 nobiles
920 2268 1033 2322 BODF
1121 2274 1154 2322 16
1173 2267 1366 2339 adsiduaeque
1380 2270 1415 2326 D.

272 2356 439 2425 assidueque
457 2355 489 2409 F
608 2362 640 2411 11
660 2355 733 2421 Quid
752 2357 778 2409 A
884 2373 943 2412 esse
961 2359 1050 2412 uestri
1067 2373 1128 2411 cum
1146 2357 1184 2424 F,
1202 2375 1294 2414 omues
1312 2358 1420 2414 Foerui

271 2450 296 2499 et
313 2445 404 2500 Bemtt.
443 2445 623 2505 omittebatur
641 2446 706 2499 olim
790 2451 822 2500 18
842 2445 888 2528 hic
907 2462 957 2502 orn.
978 2447 1072 2501 Mart.
1163 2447 1316 2502 maximam
1335 2450 1422 2504 uestri

271 2551 331 2588 cum
350 2534 380 2586 F
478 2541 510 2589 19
529 2534 609 2589 nobis
628 2534 740 2604 quidom
758 2536 933 2589 vetustissimi
956 2535 1038 2590 West.
1145 2535 1310 2590 1001101)

270 2624 299 2676 in
318 2622 432 2693 negotio
451 2623 480 2677 in
499 2624 557 2678 otio
576 2623 607 2677 F
695 2630 726 2677 21
748 2641 815 2678 neus
834 2625 876 2678 est
894 2625 982 2678 nostri
1000 2640 1061 2678 cum
1076 2624 1106 2677 F
1194 2629 1228 2678 11
1248 2626 1420 2694 exspectetis

272 2750 307 2806 A.
327 2726 480 2817 expectetis
499 2749 527 2805 0.
548 2749 699 2818 expectetis
718 2747 782 2802 BF.
802 2725 956 2818 expectdtis
975 2749 1003 2802 D
1102 2755 1136 2802 13
1155 2748 1277 2818 primum
1297 2750 1421 2819 Guelfil

376 2839 398 2893 ii
416 2842 525 2908 partem
543 2839 579 2893 A.
610 2839 639 2892 hi
658 2840 765 2908 partem
785 2838 821 2903 Β,
842 2837 916 2892 ‘alii'
937 2839 1013 2892 codd.
1035 2838 1115 2892 West.
1136 2837 1176 2892 hii
1194 2840 1306 2908 partem
1327 2840 1381 2894 OF
1397 2846 1422 2896 et

271 2944 371 2983 ecorr.
391 2928 427 2984 D.
460 2946 522 2983 eam
540 2929 649 2997 partem
668 2928 745 2981 codd.
759 2928 880 2995 plurimi
898 2931 923 2980 et
941 2928 979 2981 ed.
999 2932 1049 2980 oet.
1074 2927 1155 2981 West.
1256 2934 1291 2982 24
1310 2931 1420 2999 partem

271 3019 359 3071 scoot-ri
377 3033 438 3071 cum
456 3016 488 3070 F
602 3016 806 3085 aequanimitas
825 3016 921 3082 nostri,
940 3014 976 3068 F.
1001 3016 1033 3068 nt
1050 3015 1256 3084 aequanimitas
1275 3018 1333 3072 duo
1350 3017 1420 3073 Boe·

271 3106 349 3170 clem,
372 3104 463 3170 Gucls.
481 3111 510 3161 2.
547 3109 580 3162 nt
597 3108 691 3161 uestra
709 3105 914 3174 aequanimitas
932 3106 1048 3170 Boset,
1070 3106 1108 3161 ed.
1129 3110 1179 3159 vu.
1204 3106 1286 3161 Weet.
1325 3111 1422 3164 nestra

272 3211 321 3249 om
341 3210 431 3248 munes
449 3194 543 3265 Lena„
561 3197 618 3250 uisi
636 3197 708 3265 quod
725 3211 785 3264 sup.
804 3211 856 3250 scr.
875 3201 913 3250 ert
930 3197 962 3249 iu
980 3195 1076 3264 Stipp.
1154 3184 1157 3190 ’

344 3283 484 3339 SOAEN.
504 3285 531 3338 I.
570 3286 757 3342 Personarum
778 3286 892 3340 amerina
915 3285 1036 3339 cmuulto
1049 3286 1295 3353 praetermittimus
1406 3292 1418 3341 1

271 3393 390 3447 Asterax
408 3394 434 3447 A
555 3392 629 3448 redit
646 3394 674 3447 A
795 3398 811 3447 1
831 3370 1003 3448 serudlorum
1022 3393 1052 3447 0.
1071 3392 1245 3447 seruulorum
1264 3391 1325 3445 ΒΕ

272 3536 420 3590 aduersum
439 3537 465 3589 A
583 3485 813 3593 31111111110011.
833 3542 848 3590 1
958 3536 1032 3605 apsis
1050 3536 1077 3589 A
1185 3534 1271 3591 lubi
1288 3542 1422 3605 quattuor

246 3624 373 3691 7Bmtl,
391 3624 483 3679 Berol.
498 3630 523 3678 1.
538 3631 565 3679 2.
594 3626 634 3680 ibi
652 3628 749 3692 emetri,
767 3627 805 3693 F,
823 3642 913 3680 omues
932 3625 1040 3680 Faerui
1124 3624 1205 3679 Cesse
1224 3643 1254 3679 se
1272 3625 1370 3680 uenire
1391 3626 1420 3681 0.

379 3714 424 3784 aa]
445 3728 496 3767 aea
515 3713 551 3769 Ε.
589 3714 643 3768 tibi
661 3715 784 3782 Helmst.‚
802 3717 841 3772 ed.
861 3720 909 3770 oet.
931 3715 1012 3770 Weet.
1121 3712 1211 3768 sacius
1231 3713 1262 3766 E
1379 3718 1421 3770 est

272 3817 321 3855 mu.
341 3800 470 3856 Beroi.3
569 3808 585 3855 5
605 3820 658 3871 qne
677 3805 708 3857 Ε
813 3807 842 3860 te
861 3805 943 3876 uxor]
961 3806 1041 3859 texor
1059 3803 1087 3856 A
1191 3801 1264 3858 dixit
1282 3803 1315 3856 Ε

272 3906 343 3958 quoe
357 3905 418 3960 sup.
433 3906 484 3945 scr.
500 3891 560 3945 Ieu.
577 3891 614 3945 W
615 3894 663 3947 leli.
683 3910 737 3961 qne
751 3894 811 3948 ΑΒ
894 3902 983 3962 oque
999 3892 1029 3946 Β
1112 3890 1232 3961 propieii
1246 3891 1282 3945 Ε.
1303 3893 1420 3964 propitii

271 3977 417 4033 declarant
427 3981 487 4038 Ieu.
500 3982 573 4037 Perl.
584 3987 608 4036 et
624 3982 713 4036 chls.
800 3990 815 4037 1
834 3985 881 4038 tae
901 3983 931 4036 E
1014 3987 1031 4036 8
1049 3983 1108 4036 tete
1120 3979 1230 4034 ABOF
1241 3985 1267 4034 et
1280 3997 1316 4035 m.
1326 3997 1374 4050 pr.
1383 3982 1421 4047 D,

271 4065 364 4121 Buub.
380 4068 480 4124 etBae.
492 4070 608 4137 Fuerat,
621 4070 850 4126 uoumulliBeutl.
870 4074 898 4125 te
913 4072 943 4124 D
955 4077 1021 4141 poet
1034 4086 1089 4127 raa
1104 4070 1139 4125 de
1153 4071 1182 4124 te
1201 4067 1239 4134 E,
1254 4067 1325 4126 Vim.
1345 4073 1421 4125 carte

271 4156 397 4213 Berol.2
488 4162 572 4228 atque
590 4161 686 4226 nostri,
705 4159 742 4225 F,
762 4159 871 4214 ‘iidem’
892 4159 1001 4214 Faerni
1018 4163 1094 4224 (aute
1107 4176 1184 4228 prtem
1199 4158 1339 4227 tenebatur
1351 4162 1421 4225 ant),

271 4261 361 4299 enims
379 4245 480 4312 Beati,
494 4250 618 4317 plerique
636 4248 730 4318 Lamp„
748 4247 839 4303 Berol.
859 4254 876 4302 3
986 4249 1015 4302 in
1033 4249 1127 4303 animo
1147 4248 1177 4301 F
1298 4253 1419 4302 ateium

271 4350 321 4389 om.
341 4335 369 4388 A
469 4336 506 4391 Et
523 4337 648 4403 BDEF,
667 4353 756 4392 enimes
775 4337 891 4404 Fuerat,
907 4338 1029 4406 plerique
1047 4337 1138 4391 Bmtl.
1158 4337 1259 4391 muittit
1278 4335 1370 4402 Gessit
1390 4342 1419 4391 2.

273 4417 348 4499 aa
445 4442 499 4498 aa
518 4460 581 4498 eum
599 4444 637 4498 n.
656 4461 719 4498 eum
738 4443 792 4498 aas
810 4444 877 4511 ren.
896 4444 1025 4512 omne
1126 4449 1159 4499 ιο
1187 4442 1262 4498 rent
1280 4444 1308 4496 n
