2956 5018
196 326 261 390 514
523 340 639 387 11111
663 320 807 388 11111111
832 339 1009 386 1111111111

196 486 252 549 1111
271 507 444 570 pauperem
461 482 629 568 Curium,
648 485 703 548 sad
721 483 875 548 divitibus
894 484 1123 567 imperantem,
1142 482 1199 548 ille
1215 504 1328 548 severos

197 590 379 677 Catones,
394 596 534 685 “gentem
557 591 729 669 Fabiam,
752 591 870 655 decora
893 587 1121 675 Scipionum
1145 593 1330 675 totumque

201 700 311 764 illum
334 699 609 782 triumphalem
633 701 809 762 senatum
832 719 930 780 parca
953 696 1048 760 laude
1076 697 1279 780 perstrinxit:
1301 700 1332 760 11

200 807 327 869 ruinam
346 806 512 889 proximae
527 805 644 869 aetatis
663 803 836 868 illuminas,
859 803 990 867 difficile
1009 803 1100 867 factu
1120 808 1173 868 est
1190 808 1227 867 ut
1243 802 1333 868 honor

201 913 347 997 angustis
380 903 481 976 rebus
509 910 665 976 addatur!
705 910 769 974 Tot
800 911 900 995 igitur
928 909 1094 974 Romanae
1127 910 1333 993 praestantiae

201 1020 348 1103 exempla
370 1041 443 1084 cum
466 1019 520 1084 vix
544 1019 678 1083 dubium
702 1019 746 1081 sit
770 1017 849 1101 quin
872 1019 1059 1081 constanter
1079 1015 1188 1081 Varro
1211 1016 1334 1102 integris

199 1126 456 1191 hebdomadibus
489 1124 782 1208 comprehenderit,
819 1124 883 1187 iam
915 1123 993 1186 illud
1031 1124 1228 1208 quaeritur,¹
1250 1144 1334 1208 quan

197 1235 358 1298 rationem
385 1233 537 1316 voluerit,
570 1232 621 1296 vel
649 1236 686 1296 ut
714 1231 813 1294 etiam
841 1229 1025 1294 distinctius
1058 1229 1219 1314 dicamus,
1250 1251 1335 1314 quan

198 1341 441 1423 proportionem
470 1340 555 1404 inter
578 1338 719 1403 Graecas
747 1340 780 1401 et
803 1335 967 1401 Romanas
995 1335 1222 1403 hebdomadas
1249 1339 1334 1402 inter

198 1447 322 1510 cedere:
354 1445 482 1530 quando
512 1447 633 1510 nullam
662 1444 793 1509 omnino
822 1443 1066 1527 proportionem
1095 1465 1228 1510 curasse
1256 1443 1334 1508 nullo

200 1554 295 1617 modo
326 1552 412 1617 credi
441 1553 678 1617 curiosissimus
707 1551 829 1634 alioqui
852 1551 1046 1634 disponendi
1069 1551 1190 1616 artifex
1211 1555 1244 1615 et
1264 1556 1333 1616 tam·

199 1682 296 1744 quam
316 1659 511 1724 architectus
530 1663 647 1743 potest.
680 1658 793 1742 ltaque
813 1679 885 1721 eum
903 1658 999 1722 facila
1023 1658 1192 1742 quispiam
1209 1657 1335 1723 coniciet

199 1789 236 1829 ex
265 1765 449 1851 lmaginum
482 1766 574 1830 libris
607 1757 867 1849 quattuordecim
900 1767 1023 1846 septem
1056 1764 1185 1848 priores
1216 1763 1334 1828 Graecis

200 1872 387 1937 hominibus
420 1872 598 1937 destinatos
630 1872 745 1954 fuisse,
782 1872 940 1937 Romanis
972 1871 1109 1934 totidem
1142 1871 1333 1954 posteriores

200 1980 286 2044 hunc
309 1983 419 2044 tamen
442 1978 588 2043 ordinem
612 1980 764 2044 continuo
788 1978 930 2044 excludit
951 1977 1090 2041 Ausonii
1113 1977 1331 2057 testimonium,

200 2086 254 2169 qui
278 2107 295 2149 e
315 2085 439 2149 decimo
458 2085 541 2149 libro
562 2084 759 2150 Graecorum
777 2087 909 2151 nomina
930 2083 1186 2149 architectorum
1206 2084 1330 2169 petebat

200 2191 244 2255 Et
270 2197 380 2255 tamen
404 2195 440 2254 ut
466 2213 526 2274 par
552 2192 652 2255 fuisse
680 2215 832 2258 numerus
857 2191 1078 2256 Romanarum
1105 2189 1328 2257 hebdomadum

201 2301 296 2381 atque
320 2296 515 2361 Graecarum
539 2298 702 2383 credatur,
725 2300 798 2383 ipsa
820 2298 995 2364 aemulatio
1019 2300 1134 2362 monet
1158 2319 1221 2382 qua
1242 2298 1326 2362 semet

201 2405 409 2488 aequiperare
438 2403 570 2469 Graecis
600 2405 740 2470 Romani
768 2407 1015 2483 contenderunt,
1047 2404 1326 2486 deditissimumqne

151 2498 154 2502 ⁴
200 2511 327 2594 patriae
347 2511 489 2575 studium
510 2509 675 2595 Varronis,
693 2517 744 2576 tot
762 2513 836 2576 aliis
854 2512 1056 2577 documentis
1077 2511 1216 2593 elucens,
1233 2507 1324 2574 suadet

200 2617 359 2700 inprimis.
399 2617 461 2693 Qui
481 2618 517 2700 si,
536 2623 572 2682 ut
591 2620 737 2703 exemplo
757 2623 896 2700 utamur,
914 2620 947 2683 in
968 2641 1005 2682 eo
1025 2617 1111 2682 libro
1130 2639 1195 2703 quo
1212 2613 1322 2681 bonoria

201 2723 321 2805 poetici
359 2725 505 2807 exempla
542 2726 751 2809 inlustrabat,
789 2729 941 2809 quattuor
977 2725 1124 2808 pleiadas
1163 2746 1180 2788 e
1216 2720 1320 2795 Graecis

201 2831 306 2912 poetis
339 2832 584 2916 composuisset,
617 2836 684 2895 tres
718 2854 734 2895 e
768 2831 937 2917 Romanis,
970 2854 1086 2916 parum
1119 2832 1261 2916 profecto
1285 2824 1319 2891 rel

201 2937 406 3019 popularium
434 2960 565 3003 suorum
594 2939 764 3003 ambitioni
793 2940 842 3003 vel
871 2961 928 3003 suo
957 2939 1066 3003 sensui
1096 2939 1178 3003 satis
1210 2937 1319 3003 fecisset

202 3043 290 3117 Quae
314 3065 386 3106 cum
411 3044 458 3107 ita
482 3045 556 3128 sint,
580 3046 631 3108 vix
655 3047 753 3109 aliam
772 3046 856 3109 viam
880 3046 1028 3110 relictam
1046 3046 1205 3129 videmus,
1226 3043 1280 3108 nisi
1296 3040 1319 3101 ut

202 3149 460 3230 quattuordecim
497 3151 675 3236 imaginum
714 3151 813 3215 libros
847 3153 955 3216 animo
991 3156 1104 3216 nostro
1137 3152 1320 3216 informemus

202 3260 327 3339 septem
351 3256 510 3339 dyadibus
530 3257 660 3340 divisos,
684 3280 817 3341 quarum
839 3280 1051 3342 unaquaeque
1070 3280 1137 3321 uno
1159 3258 1240 3323 libro
1256 3258 1320 3319 ulo

202 3362 342 3427 Graecas
365 3363 587 3427 hebdomadas
612 3364 845 3446 praemitteret,
870 3365 972 3430 altero
995 3365 1047 3428 his
1071 3369 1161 3428 totas
1184 3364 1320 3428 Romus

203 3471 412 3555 subiungeret
445 3493 481 3534 ex
516 3470 636 3534 eisdem
669 3472 729 3534 vel
763 3471 922 3535 maxime
955 3470 1143 3535 finitimis
1176 3467 1321 3555 generibus

202 3578 336 3659 petitas:
365 3598 436 3639 eam
464 3577 593 3659 quidem
621 3577 653 3641 in
678 3578 817 3660 speciem
840 3580 877 3640 ut
900 3576 940 3640 ad
965 3575 1108 3640 Graecos
1130 3576 1273 3641 homines
1292 3572 1322 3635 ir

202 3683 287 3765 tegni
311 3681 386 3745 libri
410 3680 451 3744 ll.
474 3681 530 3746 IV.
556 3682 610 3746 Vl.
634 3682 722 3748 VlIl.
745 3683 784 3747 X.
807 3683 879 3748 ΧΠ.
902 3682 980 3746 XlV
1004 3687 1203 3767 spectarent,
1225 3681 1262 3745 ad
1280 3676 1323 3742 [to

203 3809 316 3853 manos
348 3787 467 3871 integri
501 3787 558 3853 Ill.
587 3787 625 3855 V.
654 3789 728 3853 Vll.
755 3789 810 3855 IX.
837 3789 892 3854 Xl.
921 3789 1009 3853 Xlll.
1033 3789 1104 3853 XV.
1146 3788 1324 3871 Quamquam

203 3917 261 3978 pro
290 3892 422 3959 Graecis
454 3894 541 3959 haud
570 3897 636 3959 seio
665 3919 707 3960 an
740 3897 857 3961 rectius
891 3899 1018 3960 exteros
1052 3896 1163 3979 potius
1196 3895 1325 3961 diana

204 4024 275 4066 cum
301 4002 453 4067 credibile
472 4025 537 4067 uon
557 4003 601 4078 sit
618 4001 849 4086 Hannibalum,
873 4001 1110 4076 Mithradatum
1129 4001 1325 4081 similiumque

204 4109 383 4174 clarissima
413 4110 548 4174 nomina
580 4132 600 4173 a
630 4108 777 4174 Varrone
814 4109 1043 4193 praetermissa
1076 4129 1161 4172 esse:
1199 4096 1325 4193 quemad·

204 4215 333 4279 modum
358 4216 460 4280 altera
484 4239 521 4281 ex
545 4220 637 4300 parte
657 4216 821 4280 Romanos
844 4239 910 4281 uon
935 4215 1158 4281 dubitabimus
1182 4210 1326 4279 liberalius

203 4322 410 4403 interpretari
429 4321 544 4406 Italos,
567 4345 703 4407 quorum
722 4324 892 4388 coniuncta
911 4324 1029 4388 virtute
1052 4323 1148 4387 facile
1171 4315 1326 4404 perspicis

204 4451 285 4512 opus
304 4429 353 4492 illi
372 4429 472 4493 fuisse
487 4426 527 4494 ad
542 4428 739 4494 Graecorum
759 4430 870 4495 laudas
884 4452 951 4495 non
965 4430 1101 4495 bellicas
1117 4422 1325 4511 exaequanda
