2932 5026
163 333 228 396 532
491 348 606 396 nnana
629 334 774 397 VARRO’S
799 348 978 396 runeruvn

163 490 314 556 Pliniano
338 492 405 574 illo,
428 492 485 576 qui
509 492 695 558 criticorum
718 491 851 577 ingenia
873 493 1050 555 etiamnum
1075 488 1253 575 exercet*),
1276 493 1314 554 ut

167 597 220 661 vix
253 602 445 681 persanatus
474 620 543 662 esse
572 599 733 681 videatur,
765 604 1015 664 consentaneum
1048 598 1111 662 erit
1144 597 1316 682 auspicari,

166 701 206 765 N.
216 702 257 766 H.
270 702 393 769 XXXV
408 707 428 784 ξ
442 706 496 768 11:
521 703 718 788 ‘Imaginum‘
737 726 846 769 amore
865 705 1020 789 flagrasse
1039 704 1199 787 quosdam
1218 708 1315 768 testes

167 816 244 874 sunt
267 813 396 876 Atticus
424 812 480 876 ille
505 810 671 876 Ciceronis
694 812 780 876 edito
811 811 849 876 de
873 812 913 875 iis
936 812 1117 894 volumine,
1145 811 1190 876 M.
1214 817 1313 876 aulen

166 915 323 1001 (Ritschl)
361 917 466 982 Varro
503 919 736 1004 benignissimo
773 919 906 983 invento
944 919 1074 983 insertis
1112 918 1312 983 voluminum

166 1046 297 1088 suorum
328 1025 520 1089 fecunditati
554 1026 833 1109 septingentorum
866 1026 1042 1091 illustrium
1075 1026 1187 1110 aliquo
1219 1024 1311 1090 modo

164 1129 323 1194 Mmiraum
338 1129 495 1216 (Ritschl)
518 1131 726 1215 imaginibus,
749 1153 814 1196 non
838 1154 954 1214 passus
977 1130 1171 1196 intercidere
1194 1131 1311 1216 figurae

166 1214 238 1301 aut
243 1243 437 1302 vetustatem
461 1237 533 1301 aeri
552 1240 666 1302 contra
684 1237 832 1302 homines
851 1238 972 1302 valere:
996 1239 1147 1302 inventor
1171 1238 1310 1302 muneris

165 1344 263 1408 etiam
288 1344 338 1407 dis
362 1344 524 1426 invidiosi,
547 1343 675 1428 quando
699 1343 979 1407 immortalitatem
1002 1366 1068 1408 non
1093 1346 1199 1409 solum
1217 1344 1312 1426 dedit

164 1473 276 1514 verum
300 1450 397 1514 etiam
418 1449 452 1513 in
472 1451 578 1515 omnis
597 1454 700 1514 terras
721 1450 819 1534 misit,
842 1455 879 1514 ut
896 1456 1083 1533 praesentes
1103 1474 1175 1516 esse
1194 1452 1310 1537 ubique

163 1578 215 1621 ceu
238 1558 271 1621 di
294 1553 422 1642 (Hertz)
446 1555 600 1639 possent'
647 1556 801 1621 Libenter
824 1557 911 1620 enirn
935 1556 1057 1622 Hertzii
1080 1557 1216 1624 invento
1239 1558 1309 1622 snb-

164 1663 348 1746 scribimus,
375 1683 479 1745 neque
502 1667 613 1726 tamen
636 1662 732 1727 fateri
756 1662 857 1746 pudet
879 1663 974 1727 nobis
998 1669 1074 1728 ante
1096 1664 1180 1729 illud
1203 1666 1310 1750 cogni·

164 1774 232 1833 tum
265 1760 469 1854 ‘praesentes
504 1790 574 1832 esse
603 1769 720 1852 ubique
750 1774 780 1833 'et
806 1767 906 1833 ccmi'
939 1770 1109 1852 placuisse.
1157 1770 1309 1836 Fecundi-

163 1876 241 1940 tatis
270 1880 377 1940 autem
406 1875 573 1939 notionem
601 1875 641 1938 ad
669 1875 826 1940 librorum
849 1875 888 1938 de
911 1876 1108 1961 imaginibus
1134 1900 1311 1962 numerum,

164 1982 316 2065 quamdiu
346 1981 374 2046 is
403 1983 578 2047 secundum
601 1981 669 2046 cod.
693 1982 943 2046 attrebatensem
967 1981 1007 2045 LI
1031 1982 1210 2068 ferebatur,
1234 1986 1310 2049 rele-

136 2089 328 2173 srebamus,
367 2111 452 2153 nune
484 2089 667 2173 quindecim
700 2088 857 2153 librorum
891 2087 1027 2153 ambitui
1059 2090 1168 2154 minus
1202 2096 1309 2175 aptum

163 2195 356 2259 vocabulum
388 2196 426 2259 de
455 2196 615 2260 librorum
645 2195 775 2259 illorum
806 2201 997 2280 argumento
1027 2197 1047 2258 i.
1071 2218 1098 2262 e.
1129 2197 1168 2261 de
1193 2197 1308 2263 hebdo

163 2301 294 2365 madum
324 2302 390 2365 sive
418 2301 563 2384 ipsarum
590 2302 771 2386 imaginum
799 2302 946 2366 ubertate
971 2303 1118 2385 accipere
1142 2304 1309 2368 malumus.

164 2408 265 2484 Quem
294 2410 400 2473 locum
429 2409 659 2493 gravissimum
694 2407 749 2472 ubi
777 2430 850 2472 cum
877 2406 1049 2472 Ritschelii
1083 2409 1307 2475 distributione

163 2517 369 2599 conferimus,
393 2516 506 2579 statim
530 2515 723 2579 offendimur
746 2536 792 2598 eo,
817 2514 902 2598 quod
926 2513 1211 2599 septingentarum
1235 2517 1305 2579 ima·

164 2617 276 2705 iginum
307 2644 475 2685 numerum
507 2644 569 2685 non
603 2621 692 2684 finite
723 2621 884 2705 loquentis
908 2620 1020 2704 Plinii,
1054 2621 1110 2685 sed
1141 2623 1177 2685 in
1210 2622 1304 2688 solam

164 2728 381 2793 multitudinis
412 2728 579 2792 notionem
610 2727 724 2790 intenti
756 2727 856 2791 fuisse
887 2732 976 2791 ratus
1007 2748 1080 2790 curn
1111 2750 1148 2792 eo
1178 2749 1304 2792 numero

163 2837 375 2919 permutavit,
409 2835 464 2918 qui
497 2857 535 2897 ex
569 2839 694 2916 septem
727 2833 982 2898 hebdomadibus
1017 2835 1187 2919 quaternis
1221 2834 1304 2898 denis

164 2943 255 3006 libris
280 2942 411 3006 tributis
435 2941 617 3006 necessario
647 2941 794 3005 efficitur.
841 2940 1043 3024 Quamquam
1067 2963 1151 3026 quae
1176 2942 1303 3006 adeam

163 3049 323 3112 rationem
347 3047 604 3130 amplectendam
620 3046 834 3111 Ritschelium
857 3052 1087 3130 permoverunt
1110 3071 1179 3113 non
1203 3053 1304 3114 carent

163 3154 394 3235 probabilitate
422 3158 519 3237 atque
548 3175 585 3216 ex
614 3158 705 3236 parte
735 3176 810 3220 vera
834 3158 917 3218 sunt.
964 3151 1201 3244 Septingentas
1224 3157 1302 3220 enim

163 3261 322 3344 imagines
343 3261 393 3324 vel
414 3263 544 3324 centum
564 3259 780 3323 hebdomades
797 3259 980 3343 quindecim
995 3259 1088 3323 libris
1108 3283 1183 3326 cum
1203 3264 1303 3348 aliqua

164 3368 395 3451 aequabilitate
424 3366 588 3450 dispertiri
618 3368 761 3449 nequire.
807 3366 899 3431 Vnde
928 3367 1066 3448 primum
1097 3367 1220 3432 librum
1248 3370 1304 3432 isa·

163 3474 315 3557 gogicum
344 3474 458 3554 fuisse,
486 3495 587 3556 ecque
616 3471 655 3535 de
684 3473 859 3554 septenarii
888 3473 1016 3535 numeri
1039 3473 1071 3535 vi
1097 3478 1130 3538 et
1154 3474 1313 3540 facultate·

163 3578 344 3644 Varronem
368 3580 559 3661 disputasse,
584 3601 665 3662 quac
689 3580 848 3662 excerpsit
872 3578 994 3643 Gellius
1019 3578 1084 3662 ΙΙΙ,
1112 3583 1161 3664 10,
1185 3603 1304 3646 summo

163 3685 231 3748 iure
251 3707 309 3748 suo
330 3685 444 3748 statuit
459 3683 665 3750 Ritschelius.
699 3685 812 3769 ltaque
832 3687 1091 3769 quattuordecim
1111 3688 1168 3771 qui
1186 3691 1304 3752 restant

163 3792 256 3856 libris
285 3813 350 3854 non
378 3791 452 3873 plus
480 3791 586 3854 minus
616 3795 765 3875 septenas
794 3793 1013 3858 hebdomades
1036 3799 1173 3876 propter
1195 3815 1302 3879 aequa·

163 3898 323 3961 bilitatern
351 3898 539 3962 tribuendas
569 3921 653 3980 esse,
681 3899 818 3982 indeque
848 3899 1026 3982 imaginum
1054 3922 1217 3964 summam
1240 3922 1300 3963 sex-

163 4008 329 4068 centarum
352 4006 520 4089 octoginta
543 4027 597 4068 sex
622 4006 769 4069 existere.
816 4003 891 4086 Sed,
921 4011 1016 4088 pute,
1043 4006 1114 4089 ipse
1139 4029 1168 4070 v.
1191 4005 1221 4070 d.
1243 4027 1299 4070 non

163 4110 369 4194 diffitebitur,
402 4111 643 4195 aequabilitatis
673 4118 706 4175 et
736 4113 966 4177 concinnitatis
996 4113 1076 4198 legi,
1109 4135 1209 4197 quam
1238 4131 1299 4177 cun

251 4355 276 4424 *)
296 4356 335 4410 Cf.
356 4356 387 4411 0.
409 4359 521 4412 Iahnius
545 4356 575 4411 in
594 4357 731 4412 Gerhardi
750 4358 818 4412 diar.
839 4359 977 4414 archaeol.
997 4359 1052 4412 vol.
1073 4357 1141 4412 xlv
1159 4377 1186 4429 p.
1205 4357 1296 4412 ttoet

162 4446 318 4501 Vrlichsius
337 4446 404 4500 ibid.
423 4465 450 4515 p.
471 4452 531 4502 256.
