2932 5026
186 304 252 369 544
514 323 630 369 unaue
653 304 799 370 vnaao’s
823 323 1001 369 IMAGINVM

183 464 306 535 (traditi
333 465 368 530 Ο.
392 466 511 530 Mtiller
539 466 691 532 enchirid.
715 467 802 531 arch.
826 469 846 546 ἓ
869 466 943 530 420.
966 463 1003 552 4)
1032 465 1158 548 vultus,
1185 465 1271 530 sicut
1296 465 1301 529 i

183 570 326 637 Homero
363 571 489 637 evenit'
529 611 571 618 —
607 573 671 636 fuit
707 573 835 657 quando
873 563 1134 656 quattuordecim
1168 571 1301 657 imagini

183 679 350 764 isagogico
375 680 459 744 libro
483 680 667 762 complexas
692 702 729 742 ex
753 679 868 744 horum
892 700 1026 743 numero
1050 678 1153 742 fuisse
1175 677 1301 742 nobiti

184 790 324 850 mentem
349 787 486 868 veniret,
514 787 599 871 quod
622 791 733 850 tamen
756 786 853 850 aliter
876 808 909 849 se
933 785 1054 850 habere
1078 786 1129 849 vel
1157 789 1301 869 propten

185 896 321 976 constat,
344 894 429 977 quod
454 895 520 957 iam
540 897 664 977 septem
684 914 777 976 reges
796 892 937 956 Romani
960 896 993 955 et
1016 896 1142 975 septem
1167 892 1301 974 sapient

184 998 270 1062 haud
297 1000 393 1063 dubie
423 1022 495 1064 eum
518 1021 688 1064 numerum
717 1001 895 1082 explerent,
922 1019 1026 1082 neque
1050 997 1211 1080 Homero,
1237 1019 1301 1082 que:

184 1104 313 1169 illarum
333 1127 448 1190 agmen
468 1107 596 1170 duxisse
614 1107 708 1170 nobis
728 1105 956 1188 persuasimus,
979 1105 1070 1169 locus
1089 1104 1220 1168 futurus
1238 1125 1301 1168 esst

183 1210 220 1274 ln
245 1233 283 1274 ea
307 1234 382 1277 vero
406 1214 568 1278 sententia
590 1212 684 1291 nobis
708 1211 977 1296 perseverandum
1001 1212 1075 1294 erit,
1103 1216 1139 1275 ut
1162 1232 1301 1294 nequer

184 1318 342 1402 omnibus,
366 1342 503 1402 quorum
528 1320 621 1384 fictae
644 1324 772 1383 tantum
796 1341 865 1383 esse
889 1318 1233 1403 poterantirnagines,
1258 1317 1301 1382 ab¹

182 1423 332 1509 tinuerit,
359 1427 392 1490 id
417 1429 501 1512 quod
525 1428 557 1491 in
586 1425 729 1491 Homero
752 1426 875 1490 factum
900 1448 969 1490 esse
993 1429 1097 1509 patet,
1125 1429 1161 1488 et
1184 1424 1224 1488 ad
1249 1423 1301 1487 alii

185 1531 385 1614 recipiendos
409 1538 542 1618 propter
559 1534 668 1598 vultus
688 1554 798 1597 eorum
823 1537 969 1597 servatos
989 1556 1023 1596 se
1046 1531 1118 1596 duci
1143 1553 1263 1614 passus
1280 1531 1301 1594 si

185 1639 356 1722 utrobique
389 1645 497 1704 autem
528 1662 594 1704 non
626 1643 746 1704 temere
780 1640 899 1724 egisse,
936 1639 991 1703 sed
1024 1637 1056 1701 in
1091 1638 1172 1700 artis
1205 1658 1301 1720 quoqr

185 1745 336 1826 operibus
370 1746 527 1831 eligendis
561 1746 673 1810 critica
709 1745 865 1809 facultate
897 1744 1087 1810 excelluisse
1119 1743 1301 1807 existimetu

185 1849 254 1925 Quo
282 1852 387 1936 magis
415 1853 546 1918 illorum
579 1852 737 1916 librorum
769 1853 928 1916 iacturam
957 1851 1164 1935 deploremus
1192 1852 1301 1932 oport·

185 1956 239 2038 qui
269 1957 297 2021 si
325 1957 444 2042 integri
472 1964 632 2042 extarent,
659 1981 724 2023 non
753 1960 858 2023 solum
887 1960 1016 2023 litterae
1040 1956 1208 2020 Romanae
1235 1959 1296 2043 atq

185 2061 322 2127 historia
353 2066 485 2149 antiqua
513 2067 749 2150 amplissimum
781 2068 1030 2131 incrementum·
1047 2063 1244 2146 acciperent,
1272 2085 1301 2129 s«

186 2169 265 2232 artis
289 2192 416 2255 quoque
440 2174 567 2256 veteris,
590 2178 623 2237 et
647 2175 749 2256 partis
773 2172 902 2257 quidem
927 2172 1026 2255 illius,
1050 2171 1084 2234 in
1107 2191 1174 2253 qus
1192 2168 1301 2235 maxim

185 2275 416 2360 claudicamus,
443 2283 666 2362 protomurum
690 2281 760 2344 dico
784 2279 1017 2363 cognitionem,
1045 2275 1301 2359 exoptatissimus

184 2382 273 2445 nacti
296 2405 439 2448 essemus
463 2386 619 2449 columen.

184 2753 239 2817 lV.
282 2755 544 2823 EPIME'PRVM
577 2758 910 2824 DISPVTATIONIS
943 2757 1003 2822 DE
1034 2757 1077 2820 M.
1109 2751 1301 2820 vnnaonu

296 2863 611 2930 HEBDOMADVM
644 2865 743 2930 SIVE
773 2864 1002 2930 IMAGINVM
1030 2861 1219 2947 maala).

136 3047 174 3085 111
277 3021 422 3086 ‘Viribus
443 3023 554 3088 unitis'
578 3031 613 3089 ut
632 3026 672 3090 ad
692 3025 757 3089 olio
780 3026 874 3107 bono,
897 3026 943 3088 ita
965 3022 1004 3087 ad
1024 3044 1187 3086 summum
1210 3021 1301 3084 bourn

184 3129 268 3212 quod
299 3131 433 3194 veritate
466 3133 649 3196 continetur
680 3132 856 3214 perveniri,
889 3153 960 3194 cum
994 3128 1145 3212 plurimis
1178 3128 1212 3191 in
1243 3148 1301 3191 onn

186 3236 365 3299 litterarum
391 3258 507 3321 genere
531 3216 733 3303 documentis
758 3237 974 3321 intellegitur,
998 3240 1068 3298 tum
1093 3234 1127 3296 in
1146 3255 1186 3297 ea
1208 3253 1301 3296 eausa

184 3366 278 3426 quarn
303 3365 361 3426 per
384 3347 694 3429 antepaenultimam
723 3343 765 3427 (si
790 3343 885 3407 modo
909 3342 987 3405 lieet
1010 3363 1083 3405 cum
1107 3339 1301 3424 grammatic

256 3543 280 3604 *l
310 3539 497 3608 [Prooemium
527 3539 628 3591 Indicis
656 3538 812 3591 scholarum
844 3534 1012 3588 aestivarum
1043 3532 1232 3586 Bonnensium
1265 3547 1301 3584 sn

185 3626 445 3688 cloloccctvul,
471 3627 570 3679 iterum
590 3627 617 3679 in
643 3625 785 3694 publicum
811 3624 940 3677 emissum
964 3623 992 3675 in
1014 3621 1243 3675 ‘prooemiorum
1261 3620 1301 3673 Bo:

183 3716 309 3768 nensium
329 3714 447 3767 decade'
473 3715 605 3781 (Berolini
624 3732 648 3769 a.
669 3713 903 3781 ClOlthCCLXl)
922 3731 947 3765 n.
963 3712 1024 3777 Vll,
1045 3711 1094 3764 ubi
1104 3713 1137 3763 in
1157 3708 1301 3778 praetatior

184 3805 253 3856 haec
273 3803 377 3870 scripta
395 3805 471 3855 sunt:
494 3803 662 3856 ‘Prooemiis
682 3803 719 3855 Vl
738 3806 767 3855 et
783 3802 832 3854 Vll
853 3802 898 3870 (de
919 3800 1050 3853 Varronis
1065 3799 1224 3868 lmsginnm
1245 3797 1301 3851 libn'

185 3891 342 3958 disceptata
355 3890 436 3944 valde
453 3891 560 3943 lubrica
574 3889 709 3957 quaestio,
729 3906 799 3956 quse
815 3892 858 3942 est
872 3889 906 3940 dc
924 3888 1081 3956 lmuginum
1097 3887 1299 3940 Varronianaru

184 3980 337 4048 part-itione
357 3983 440 4047 atque
461 3979 658 4047 dispositione,
679 3973 815 4047 quantum
834 3995 907 4031 nunc
927 3977 1005 4030 novis
1025 3976 1121 4045 eisque
1142 3974 1301 4029 subtilissim

183 4068 420 4136 disputationibus
436 4066 591 4132 Mercklini‚
612 4067 734 4133 Brunnii,
754 4065 887 4120 Vrlichsii
909 4066 1018 4132 debeat,
1038 4082 1094 4118 non
1113 4064 1173 4118 sine
1188 4065 1301 4132 volupia

184 4155 347 4226 cognovisse
368 4154 540 4222 suspicamur
563 4153 611 4222 qui
636 4155 723 4207 musei
748 4154 835 4207 Rhea.
855 4157 875 4207 t.
896 4154 959 4205 Xlll
979 4171 1004 4222 p.
1026 4159 1078 4206 too
1094 4171 1169 4221 sqq,
1196 4159 1246 4206 stt
1260 4168 1301 4218 sqq

184 4246 246 4299 XlV
267 4265 292 4314 p.
314 4250 365 4298 60ss
381 4262 439 4312 sqq.
459 4242 654 4309 Philologique
673 4245 693 4295 t.
713 4243 777 4295 Xlll
796 4261 822 4310 p.
844 4247 894 4294 742
911 4259 970 4309 sqq.
990 4241 1170 4309 inspexerint.
1204 4242 1260 4295 Nos
1277 4256 1301 4292 ue

184 4353 257 4388 nnnc
280 4350 332 4387 nee
354 4331 473 4384 fortasse
497 4348 629 4398 umquam
654 4331 771 4398 inperia
789 4330 991 4383 iterabimus
1010 4347 1145 4397 aequor:
1169 4330 1246 4383 cuius
1267 4327 1301 4380 ria

185 4423 324 4493 aperuisse
343 4420 460 4489 ecquid
478 4420 573 4473 liutet
588 4419 752 4486 praemis’
791 4418 819 4471 C.
841 4418 897 4487 W.]
