2932 5026
566 306 852 357 oomsrsmvs.
1221 290 1285 357 261

132 446 283 519 adiutum
313 470 401 519 aaa:
435 470 504 517 uon
535 450 688 537 profacto
717 454 891 539 propterea
920 448 1007 537 quod
1037 472 1105 517 non
1135 450 1288 537 aquales

136 555 1287 645 uhtoimriut,idquodbucnibilomninopertinet,sodad

139 682 237 731 unam
266 664 533 733 mmetudinem
563 665 761 733 amatorium
792 664 902 733 valere
930 664 1054 751 potuit:
1085 686 1200 731 serum
1225 664 1288 733 bac

144 792 254 839 nassa
273 770 375 861 qnod,
396 776 614 860 quotcunque
636 792 795 841 annorum
816 770 989 839 Terentius
1010 770 1083 858 luit,
1105 770 1154 841 eia
1175 778 1288 841 tamen

150 876 379 963 ambubaiam
403 876 536 947 fabulae
561 882 656 947 actae
681 883 760 945 sunt
784 878 1003 966 temporibus,
1028 878 1051 947 i.
1076 900 1104 944 e.
1130 878 1174 947 ab
1200 900 1287 949 anno

154 983 208 1053 588
223 984 263 1053 ad
279 984 358 1071 594,
377 982 444 1071 ipsi
459 982 591 1052 laelius
614 989 649 1052 et
666 982 777 1071 Scipio
795 985 896 1053 nimis
914 984 1149 1053 adulmcantali
1166 985 1290 1053 suarim

97 1180 101 1187 Ι
158 1112 240 1175 qam
263 1088 321 1179 qui
346 1090 399 1159 rel
424 1090 527 1159 talem
553 1112 687 1179 operum
714 1092 919 1181 praestitisse
940 1092 993 1159 vel
1016 1092 1193 1179 significati
1214 1114 1288 1160 esso
1406 1136 1413 1149 ·

160 1196 247 1265 rsrb'n
274 1196 478 1267 Terentianis
509 1196 599 1265 cradi
628 1198 766 1285 possint
818 1196 871 1265 lu·
895 1196 1014 1265 borum
1043 1196 1176 1285 quidem
1204 1196 1287 1266 illud

96 1314 99 1331 ¹
163 1300 258 1373 &aba
282 1304 512 1392 inconsultius,
539 1304 603 1373 boc
629 1310 741 1374 autern
769 1306 857 1373 idem
882 1326 951 1375 non
973 1304 1121 1391 proiecto
1144 1306 1214 1373 sins
1235 1328 1288 1373 ra·

96 1416 104 1543 p
153 1400 241 1479 'tous
270 1410 359 1479 llam
371 1408 481 1499 Scipio
503 1412 533 1479 si
555 1416 607 1481 eat
627 1434 714 1481 anno
729 1412 795 1479 569
816 1416 926 1499 natus
947 1434 1069 1481 annum
1086 1410 1286 1480 undevicesi-

96 1564 99 1585 ,
166 1538 233 1587 nan
250 1518 370 1607 agebat
391 1542 457 1606 qno
478 1522 626 1605 tempore
648 1519 790 1587 scribere
807 1518 978 1587 Terentius
996 1520 1114 1606 coepit,
1136 1518 1286 1607 qmutum

96 1614 99 1717 ζ
166 1624 379 1693 ctrbssirnam
401 1647 466 1713 quo
489 1624 599 1693 dcsfit:
625 1646 687 1693 nec
709 1624 814 1693 multo
825 1626 943 1722 'maior
959 1630 1042 1693 natu
1058 1626 1191 1695 Laelius
1207 1626 1287 1713 fuit3

168 1728 268 1801 abisa
288 1736 401 1801 sutem
421 1736 531 1801 aetate
552 1754 627 1801 cum
645 1754 763 1801 mussa
778 1754 846 1802 non
864 1734 911 1801 sit
926 1756 984 1801 cur
1001 1734 1193 1803 iacultstam
1211 1754 1286 1821 poe·

96 1836 101 1901 i
167 1835 242 1907 bum
265 1826 504 1927 abiudiceniua,
529 1840 723 1929 praesertim
751 1840 787 1907 in
809 1845 879 1907 tam
901 1840 984 1907 boue
1005 1840 1182 1927 ingeniatis
1204 1844 1288 1907 torm

165 1964 210 2027 que
235 1946 413 2015 bbaialiter
442 1948 605 2015 institutis
637 1945 917 2033 adulescentibus,
946 1950 1059 2015 nmen
1086 1946 1123 2013 iu
1151 1944 1288 2014 eandem

164 2068 240 2139 segre
263 2076 343 2123 sano
368 2054 542 2142 intellegas
569 2054 627 2142 qui
655 2054 717 2123 illa
738 2059 791 2121 sat
813 2054 983 2123 commode
1005 2052 1201 2123 conveniant
1222 2050 1289 2139 ‘pcc'

96 2224 103 2233 .
162 2158 1142 2247 firmamameqmmmopeouceuo,
1163 2162 1288 2246 brolia

96 2262 99 2283 '
161 2262 1023 2355 bwtomoatepuetcmporeasaetsiacacpcrtio'.
1045 2266 1287 2355 ‘Placere'qui

158 2370 364 2463 duupopulo
386 2376 538 2443 universo
561 2373 671 2464 Scipio
692 2376 760 2443 iam
781 2374 858 2443 inda
880 2374 923 2445 ab
946 2398 1032 2443 anno
1054 2376 1121 2443 586
1143 2374 1209 2443 dici
1230 2396 1287 2460 po

155 2480 208 2548 tuit
226 2482 415 2568 rectissime,
436 2504 502 2568 quo
523 2480 581 2549 illo
603 2482 723 2549 aetatis
741 2503 865 2551 annum
882 2482 1059 2567 septimum
1076 2486 1111 2547 et
1127 2480 1289 2547 decimum

152 2608 241 2673 agens
270 2610 338 2656 non
370 2588 487 2657 solitae
518 2588 720 2656 fortitudinis
752 2589 890 2657 bellicae
920 2588 1086 2673 specimen
1115 2589 1149 2654 in
1177 2608 1288 2675 pugna
1301 2608 1342 2650 mr
1406 2584 1412 2595 ‘

152 2692 296 2779 Pydnaea
323 2694 483 2780 ediderat,
509 2696 621 2782 paucis
648 2696 756 2763 verbis
785 2719 805 2762 a
826 2694 921 2761 Livio
945 2712 1044 2780 ων,
1065 2695 1109 2760 44
1132 2716 1289 2761 mensore

151 2806 224 2882 trum,
247 2802 520 2888 splendidioribus
544 2827 565 2868 a
586 2802 764 2870 Plutarcho
788 2803 985 2888 descriptum
1008 2802 1042 2867 in
1066 2802 1135 2868 vita
1157 2803 1288 2867 Aemilii

148 2906 246 2975 Paulli
269 2933 295 2977 c.
319 2912 377 2996 22,
405 2934 423 2976 e
451 2911 569 2996 quibus
591 2910 671 2976 haec
694 2911 830 2996 adposui
852 2911 1014 2996 imprimis
1036 2909 1100 2975 huc
1122 2908 1288 2975 facientia:

146 3021 216 3083 πᾶει
241 3017 303 3099 γὰρ
332 3018 469 3098 ἀγαετό(
492 3020 532 3099 ἦν
555 3019 650 3086 εὐθὺ(
672 3020 706 3085 ἐξ
730 3018 829 3101 ἀρχῆς
852 3020 934 3099 πρὸ(
957 3019 1132 3099 ἡγεμονίαν
1155 3017 1206 3083 καὶ
1229 3039 1288 3083 πο·

147 3125 261 3192 luetur
292 3124 338 3190 ὡ(
369 3124 468 3191 ἄλλο(
495 3126 601 3192 οὐδεὶς
629 3129 696 3192 τῶν
725 3130 890 3204 (υγγενῶν
917 3127 1109 3206 κεκραμένοι
1136 3126 1174 3191 τὸ
1203 3126 1289 3205 ἦθος.

145 3230 288 3297 Eundem
316 3231 475 3316 largimur
502 3230 647 3316 (quando
675 3232 798 3298 factum
828 3231 1031 3318 ignoramus)
1054 3232 1200 3318 potuisse
1223 3232 1289 3297 iarn

146 3342 218 3403 ante
231 3360 351 3403 annum
364 3338 430 3404 594
444 3339 545 3404 semel
559 3340 611 3404 rel
627 3340 744 3404 iterum
759 3339 790 3404 in
807 3340 971 3424 publicum
985 3339 1114 3423 prodire
1127 3343 1289 3403 oratorem

145 3446 194 3511 rel
225 3468 360 3512 caussae
392 3448 581 3529 patronum
618 3445 795 3531 largiamur
827 3446 966 3512 similem
999 3445 1160 3511 similibus
1193 3446 1289 3511 rebus

145 3553 283 3637 gratiam
313 3551 397 3616 inire
425 3575 445 3616 a
465 3551 587 3637 populo
612 3554 758 3636 potuisse
782 3555 881 3636 atque
904 3550 987 3617 ludis
1010 3550 1200 3618 funebribus
1223 3551 1289 3617 illis

145 3680 224 3743 quos
246 3659 333 3743 patri
357 3658 497 3725 Aemilio
521 3658 637 3725 Paullo
660 3659 747 3744 fecit,
769 3658 953 3725 fabularum
977 3658 1104 3725 actione
1126 3658 1290 3725 Terentia·

144 3787 257 3832 aarum
286 3766 456 3853 inlustres;
487 3767 566 3832 item
596 3766 776 3853 largiamur
803 3766 996 3832 aTcrentio
1024 3786 1089 3831 non
1118 3770 1186 3831 tem
1210 3766 1289 3832 Lae·

146 3872 223 3939 lium
245 3878 279 3938 et
303 3872 497 3958 Scipionem,
522 3895 620 3958 quam
639 3895 740 3938 unum
759 3872 943 3958 Scipionem
963 3870 1080 3954 respici
1099 3872 1134 3937 in
1152 3874 1289 3959 prologo

145 3978 329 4065 Adelpbon:
358 4001 470 4045 verum
498 3980 579 4045 haec
606 3984 714 4045 tamen
740 3981 849 4046 omnia
872 4002 938 4045 non
962 3978 1109 4064 profecto
1132 3979 1212 4044 satis
1235 4002 1289 4045 va·

145 4086 213 4152 lent
236 4085 410 4172 quominus
432 4086 529 4152 nimis
552 4087 723 4173 magnifice
747 4086 804 4152 illa
828 4086 915 4152 dicta
937 4085 1004 4151 sint
1022 4083 1171 4169 ‘quorum
1191 4108 1291 4170 opera

146 4194 179 4259 in
204 4194 308 4280 bello,
338 4195 371 4259 in
400 4194 482 4279 otio,
515 4196 549 4261 in
576 4196 708 4282 negotio
739 4217 806 4261 suo
831 4194 995 4280 quisque
1018 4197 1189 4278 tempore
1214 4214 1290 4258 usus

146 4299 215 4384 cst',
243 4322 325 4386 quae
353 4305 387 4366 et
410 4300 451 4366 ed
474 4301 715 4367 multitudinem
738 4324 897 4367 annorum
920 4305 953 4367 et
975 4300 1016 4366 ad
1039 4298 1289 4385 magistratuum

147 4407 299 4473 virtutem
326 4412 476 4493 spectant
503 4409 686 4475 manifesto.
731 4407 821 4474 Haec
847 4408 949 4496 igitur
975 4430 1048 4475 cum
1076 4405 1208 4492 scripsit
1229 4404 1291 4472 Te-
