2932 5026
191 328 257 392 242
581 346 618 392 ru
641 345 751 392 vmnu
775 344 941 393 rsnuuru

191 489 225 552 iu
249 487 368 552 codicis
393 487 555 570 scriptura
576 508 708 571 munique
731 486 918 572 Schopenus
941 486 1097 573 pervidit)
1121 485 1295 554 Parisinus
1314 487 1347 551 A

191 594 407 678 suppeditarit
439 598 491 659 sat
523 595 704 680 eleganter,
736 600 848 660 tamen
881 595 923 659 ab
953 594 1068 660 eodem
1096 615 1156 678 pro
1184 613 1217 660 se
1246 594 1349 659 tutari

189 702 354 785 proditum
389 701 527 782 refutare
557 723 624 766 non
655 706 765 785 potest
796 723 863 767 non
895 702 1061 768 oculorum
1094 701 1197 767 errori
1230 700 1347 766 tribui.

189 806 281 873 Nihil
306 809 393 873 enim
415 811 452 873 ut
474 807 514 872 de
537 808 673 892 omisso,
700 831 765 893 quo
789 829 885 893 aegre
909 831 1092 894 careamus,
1122 828 1192 874 caue
1214 829 1346 873 accusa·

189 916 258 980 tivo
282 915 402 998 dicam,
430 936 489 979 nec
511 937 623 980 verum
648 919 698 980 est
720 916 787 980 ullo
812 915 909 981 modo
932 916 985 980 vel
1006 914 1148 981 refutare
1172 915 1273 981 istam
1297 914 1346 979 fa·

190 1043 277 1086 mam
300 1020 488 1086 Terentium
512 1022 564 1086 vel
587 1022 669 1086 velle
693 1020 842 1105 refutare,
869 1022 925 1105 qui
949 1021 1109 1107 largiatur
1131 1022 1244 1106 potius
1267 1021 1344 1087 alie·

190 1149 267 1192 num
287 1126 444 1191 auxilium
462 1126 558 1212 idque
578 1131 710 1192 excuset
727 1130 866 1211 tantum,
888 1148 947 1192 nec
968 1128 1100 1194 omuino
1118 1132 1240 1195 coeunt
1257 1129 1346 1194 inter

191 1257 225 1297 se
248 1237 431 1320 pugnantes
455 1234 561 1300 leuiter
584 1238 617 1298 et
640 1234 737 1320 longe
760 1234 940 1299 fortissima
962 1235 1099 1316 refutare
1120 1237 1284 1302 notiones

278 1340 356 1424 Peg.
370 1341 438 1417 aba,
454 1342 473 1407 2
492 1342 580 1407 solus
600 1340 774 1407 Suetonius
796 1343 939 1407 servavit
952 1342 1049 1407 Hunc
1066 1365 1260 1427 pronomen,
1281 1363 1342 1427 pro

191 1472 255 1534 quo
288 1450 322 1514 in
355 1448 561 1514 Terentianis
593 1447 686 1513 libris
717 1448 868 1513 omnibus
898 1448 958 1515 Au
991 1448 1072 1532 prol.
1104 1449 1145 1513 16
1176 1448 1343 1532 proditum

191 1556 278 1620 Erum
301 1555 490 1620 certissimis
514 1554 553 1618 de
572 1555 695 1619 caussis
713 1553 974 1638 posthabendum
999 1559 1057 1620 est.
1093 1554 1180 1620 Nam
1199 1555 1341 1639 primum

191 1684 322 1745 prorsus
352 1666 505 1728 constans
536 1665 586 1726 est
616 1662 650 1725 in
678 1661 730 1726 his
753 1661 913 1746 prologis,
943 1665 1067 1728 utnon
1091 1662 1158 1727 alio
1181 1661 1248 1727 nisi
1271 1662 1344 1746 ipso

191 1769 240 1832 hic
267 1769 459 1852 pronomine
486 1772 585 1852 poeta
608 1765 801 1832 declaretur:
835 1767 926 1833 cuius
950 1768 997 1833 rei
1020 1767 1217 1833 documenta
1239 1766 1342 1832 habes

191 1876 224 1939 in
247 1876 385 1960 prologo
409 1874 580 1958 Adelphou
603 1896 633 1938 v.
659 1874 701 1938 10
723 1874 780 1957 hic,
806 1875 846 1940 18
869 1875 928 1959 aa,
950 1873 1092 1939 Andriae
1120 1876 1160 1940 18
1183 1874 1275 1959 meme,
1301 1874 1342 1939 19

189 1982 251 2065 bic,
279 1982 428 2047 Eunuchi
452 1982 496 2047 35
522 1981 594 2047 titio
624 1980 715 2065 (uam
743 1981 893 2072 paullum.
915 1981 1024 2047 differt
1050 1980 1127 2046 ibid.
1151 2004 1181 2046 v.
1204 1981 1227 2047 3
1250 1987 1343 2064 poeta

190 2087 267 2174 uu),
294 2089 448 2155 Heauton
474 2090 692 2154 timorumenu
718 2089 758 2154 18
786 2088 848 2171 ute,
875 2088 918 2153 23
941 2088 1035 2172 brino,
1064 2087 1275 2155 Phormionis
1303 2089 1342 2155 18

189 2196 281 2280 hicme,
307 2198 347 2261 19
371 2197 428 2262 bic.
473 2195 607 2262 Accedit
630 2200 738 2261 autem
762 2195 847 2280 quod
870 2196 905 2260 in
928 2197 974 2261 eis
998 2196 1054 2281 qui
1077 2197 1226 2280 proxime
1249 2218 1342 2281 prae·

191 2305 308 2370 cedunt
335 2304 483 2369 versibus
506 2327 546 2369 ne
569 2304 692 2369 mentio
717 2301 846 2387 quidem
871 2302 909 2367 fit
932 2307 1063 2387 poetae,
1091 2303 1250 2369 adonius
1274 2325 1344 2388 per·

192 2435 307 2477 sonam
329 2432 399 2476 cum
423 2433 600 2495 pronomen
623 2406 831 2494 referatur*).

111 2515 115 2523 ’
137 2552 177 2591 501,-
280 2518 387 2584 Versu
409 2517 428 2582 8
456 2518 609 2603 quoniam
632 2538 663 2583 se
691 2537 869 2601 pronomen
897 2539 916 2580 a
943 2519 1052 2582 vetere
1075 2516 1224 2582 Parisino
1252 2538 1344 2601 pror·

263 2678 287 2746 *)
307 2679 409 2732 Versus
428 2676 552 2747 integros
571 2675 685 2744 subieci,
705 2677 738 2730 ut
755 2674 808 2729 hac
827 2672 1037 2743 opportunitate
1056 2674 1289 2744 praetermissum
1307 2672 1342 2728 ab

192 2768 347 2822 editoribus
365 2783 485 2820 naevum
503 2766 675 2836 abstergam:

371 2855 411 2908 iu
430 2854 537 2909 Graeco
555 2856 713 2910 adulemeus
731 2858 777 2921 est,
796 2854 845 2922 qui
863 2853 955 2908 leuoui
973 2854 1056 2922 cripit

371 2944 541 2998 Meretricem
560 2945 591 2997 iu
605 2944 701 3011 primu
718 2943 825 3010 sabula.
854 2958 914 2996 cum
935 2940 1058 2996 Plautus
1075 2942 1163 2996 lomim

370 3033 493 3101 Reliquit
511 3033 656 3101 integrum.
684 3049 744 3086 euru
762 3034 807 3086 bic
824 3033 912 3087 locum
930 3033 1046 3100 sumpsit
1063 3033 1118 3086 sibi
1308 3037 1340 3085 tt

371 3123 410 3176 In
429 3121 575 3191 nuntios,
592 3121 706 3176 uerbum
724 3122 756 3176 dc
774 3121 856 3176 uerbo
874 3136 1030 3190 expressum
1048 3120 1154 3175 extulit.

371 3210 444 3264 Eum
463 3225 512 3265 uos
530 3211 623 3264 acturi
640 3225 734 3263 suctim
751 3224 866 3263 muum:
880 3209 1042 3277 pernoscite,

371 3299 528 3355 Furtumne
544 3299 649 3366 sactum
667 3299 834 3353 existumetis
852 3317 890 3354 ou
909 3299 998 3353 locum

367 3390 537 3460 Reprcusum
555 3390 604 3460 qui
617 3390 787 3458 praeteritus
805 3389 1003 3458 ueclcpeutiust.

367 3481 442 3534 Nam
460 3479 533 3549 quod
550 3479 598 3532 isti
616 3478 713 3533 dimmt
730 3478 868 3547 mammii,
886 3479 1006 3533 homiues
1023 3477 1127 3532 nobiles
1306 3484 1338 3534 lt

368 3569 452 3623 Eum
471 3569 599 3622 adiutare
618 3585 642 3622 e.
661 3587 687 3636 q.
707 3586 726 3622 s.

192 3661 285 3715 iu-his
305 3659 393 3725 enim,
417 3659 529 3727 praeter
548 3655 622 3710 Eum
641 3655 725 3724 illud,
744 3657 795 3711 aut
812 3656 983 3726 permolesta
1001 3656 1045 3709 est
1062 3656 1092 3710 et
1110 3670 1209 3723 expers
1227 3654 1338 3724 elegan-

191 3750 248 3804 tiae
272 3746 385 3802 iteratio
409 3745 557 3799 verborum
581 3760 652 3812 quae
675 3747 740 3798 sunt
762 3761 822 3799 cum
845 3745 932 3800 locum
951 3764 976 3798 v.
995 3750 1011 3798 9
1031 3745 1062 3798 et
1081 3749 1128 3812 10,
1151 3744 1203 3798 aut
1219 3742 1265 3810 (de
1284 3758 1339 3812 quo

190 3837 274 3892 facile
299 3835 438 3906 quispiam
466 3833 582 3905 cogitet)
608 3833 704 3888 dedita
728 3851 813 3904 opera
836 3834 926 3891 ascita
949 3836 992 3889 cst
1016 3834 1072 3888 hoc
1090 3833 1208 3888 oonsiho
1226 3833 1260 3887 ut
1277 3826 1364 3888 eum'

191 3929 282 3998 ipsum
302 3927 395 3980 locum
413 3924 517 3991 solum,
541 3939 593 3977 uec
611 3921 761 3993 quicquam
779 3926 926 3994 praeterea
944 3922 1034 3990 aliud,
1055 3940 1088 3978 ex
1105 3919 1213 3991 Diphili
1231 3935 1340 3975 comoe-

191 4016 238 4069 dia
264 4015 412 4084 sumpsisse
439 4013 493 4067 sibi
519 4012 547 4066 iu
566 4012 708 4081 Adelphos
735 4017 820 4082 poeta
842 4013 1055 4084 significaretur.
1092 4008 1341 4066 italicensis

191 4107 287 4175 apmto
310 4104 381 4158 illud
405 4103 544 4173 repugnat
567 4101 654 4170 quod,
679 4101 707 4155 in
726 4118 781 4169 quo
800 4101 938 4157 vocabulo
957 4101 1019 4172 ipsa
1037 4101 1080 4155 ris
1099 4098 1255 4155 sententiae
1274 4097 1342 4153 insit

191 4197 332 4264 oporteat,
356 4194 384 4247 h.
404 4210 427 4248 e.
446 4208 519 4258 eum,
545 4191 574 4245 id
600 4191 629 4246 in
654 4190 859 4260 pronuntiando
887 4209 969 4247 versu
987 4192 1058 4247 adeo
1076 4188 1219 4245 delitescit
1235 4189 1268 4242 ut
1285 4204 1341 4243 nou

191 4284 274 4337 modo
292 4283 379 4336 ictum
398 4298 454 4336 nou
472 4281 575 4335 habeat
594 4281 642 4335 sed
661 4298 695 4335 no
715 4279 852 4349 syllabam
873 4280 984 4348 quidem
1000 4279 1112 4334 efficiat
1145 4278 1220 4347 Ergo
1238 4276 1338 4332 multem

191 4372 426 4442 transponendum
450 4373 524 4425 erat:
552 4372 612 4424 mim
634 4370 721 4423 iocum
743 4369 788 4423 bic
806 4373 922 4438 scripsit
940 4370 1002 4423 sibi.
1040 4367 1217 4436 Quamquam
1236 4364 1281 4419 rel
1300 4363 1339 4418 sic

191 4464 285 4515 tamen
305 4463 341 4516 ab
359 4461 500 4529 elegantia
518 4458 631 4528 quidem
648 4474 748 4529 parum
768 4457 1020 4513 commendationis
1038 4456 1125 4510 habet
1143 4453 1202 4510 sine
1216 4453 1276 4508 ulla
1288 4469 1335 4507 ue·
