2932 5026
251 356 254 360 ⁵
288 329 353 398 596
493 349 778 402 nunnusrrouvn
801 349 1102 402 csrvnnmrmnvn
1123 347 1235 402 raus.

285 494 343 558 illo
371 499 543 577 tempestate
569 516 629 576 qao
657 501 799 578 tempore,
831 496 883 562 vel
915 497 969 562 itta
1001 501 1133 579 tempore
1160 516 1225 578 praa
1256 499 1416 579 mapsam

285 599 355 666 Nec
377 602 522 686 profecto
542 603 711 686 minuitur,
734 603 790 668 sed
810 606 947 688 augetur
970 603 1147 669 insolentia
1170 603 1337 685 sermonis,
1356 624 1417 668 enm

282 708 408 800 ,omissa
427 709 460 773 in
479 711 586 792 priore
605 710 750 775 membro
769 711 1019 794 praepositione,
1042 709 1171 774 adiecta
1188 710 1222 774 in
1247 709 1421 794 posteriore,

285 814 344 878 itta
372 820 554 899 tempestate,
585 837 620 881 ea
646 838 708 898 qua
741 821 913 899 tempestate
940 816 1057 881 dicitur
1087 838 1147 900 pro
1177 816 1216 881 ei)
1250 815 1334 901 quod
1359 836 1419 880 me

287 920 399 985 debuit
421 944 458 987 eac
480 923 538 987 itta
561 928 745 1008 tempestate,
773 945 836 1005 qua
858 923 910 987 vel
932 943 970 986 ce·
990 943 1053 1004 qna
1074 919 1290 1008 (mampestatep
1316 921 1422 987 nedum

286 1031 323 1089 ut
356 1030 481 1094 mutata
517 1030 625 1095 forma
656 1024 798 1096 nominis
835 1031 964 1115 placeat
995 1031 1053 1094 illa
1085 1035 1274 1113 ternpestate,
1308 1050 1364 1112 quo
1387 1049 1418 1093 ra

287 1139 425 1216 tempore.
454 1134 657 1221 Quamquam
677 1161 809 1203 sensnm
831 1138 990 1203 editorum
1013 1158 1054 1202 ne
1077 1137 1163 1202 sorte
1185 1137 1417 1220 interpretemur

286 1240 494 1324 invidiosius,
522 1242 727 1309 dissimulare
750 1246 899 1310 nolumus
924 1244 1065 1308 fortasse
1088 1265 1154 1308 non
1178 1242 1282 1308 talem
1304 1244 1412 1306 omnino

185 1393 188 1397 -
287 1349 559 1413 constructionem
586 1351 660 1416 illos
689 1353 859 1436 probasse,
885 1374 949 1437 qua
971 1352 1072 1415 verba
1099 1371 1183 1434 qnae
1211 1352 1291 1413 sunt
1314 1370 1369 1431 aaa
1387 1370 1411 1413 a

287 1459 418 1536 tempore
445 1456 608 1539 prioribus
635 1457 701 1522 illis
729 1459 787 1522 am
809 1463 981 1541 tempestate
1008 1457 1202 1541 simpliciter
1231 1455 1409 1538 referrent-u,

287 1561 342 1626 sed
357 1561 441 1626 hanc
456 1564 602 1646 potuisse
618 1564 800 1648 explicandi
814 1557 901 1630 viam
917 1563 1133 1629 comminisci:
1149 1561 1224 1627 ‘illa
1239 1566 1409 1646 tempestate

239 1693 274 1733 vr
288 1670 453 1752 universa,
481 1692 564 1753 quae
593 1671 721 1736 duravit
748 1671 822 1735 inde
851 1672 891 1736 ab
921 1694 959 1736 eo
988 1670 1145 1755 temporis
1173 1674 1339 1735 momento
1363 1689 1409 1753 qm

288 1774 418 1840 Cretam
442 1777 584 1842 insulam
603 1778 743 1862 primum
763 1779 876 1864 attigit
895 1777 1065 1844 Theseus'.
1103 1777 1149 1840 At
1168 1777 1221 1841 vel
1241 1777 1289 1842 sic
1305 1777 1409 1861 elegen·
1454 1782 1456 1789 '

287 1883 353 1948 tiae
377 1884 609 1968 quidem'nihil
635 1886 705 1969 pari
728 1886 847 1950 iterato
871 1886 1026 1968 temporis
1045 1884 1206 1951 vocabulo
1229 1883 1324 1968 (satis
1346 1883 1410 1948 enin
1451 1884 1456 1999 1

287 1989 350 2053 luit
372 2012 409 2054 ea
431 2012 490 2073 qma
512 1989 590 2077 diei)
614 2013 679 2056 non
702 1992 809 2056 minus
832 1995 954 2056 certum
978 1995 1029 2057 est
1051 2013 1148 2076 qnam
1173 2012 1242 2056 non
1265 1991 1334 2055 sine
1354 1989 1410 2055 arfi-
1453 2018 1456 2105 p

286 2097 360 2162 ficio
394 2097 551 2162 rationem
585 2099 676 2162 illam
708 2120 837 2164 omnem
870 2099 1008 2164 institui.
1051 2097 1128 2182 lpsa
1160 2103 1272 2162 autem
1304 2095 1412 2162 artificii
1453 2108 1456 2193 4

286 2204 377 2269 notio
397 2225 469 2268 cum
488 2204 554 2270 vim
570 2228 647 2270 sane
662 2205 848 2290 ambiguam
866 2205 987 2269 habeat
1004 2205 1038 2270 in
1056 2203 1118 2268 hac
1137 2225 1221 2289 quae
1239 2204 1281 2269 ad
1295 2205 1412 2269 Alema
1454 2212 1456 2229 '

287 2309 452 2375 drinorum
480 2312 663 2394 exemplum
691 2311 894 2376 conformata
921 2315 972 2374 est
998 2307 1105 2393 poesi,
1137 2315 1190 2391 nt,
1223 2310 1302 2395 qnid
1330 2310 1413 2374 eoin

287 2438 406 2501 genere
426 2418 562 2482 nimium
586 2417 687 2501 dicas,
710 2417 787 2501 quid
810 2417 996 2498 tolerabile,
1019 2438 1085 2481 non
1107 2436 1212 2500 usque
1235 2438 1361 2500 quaque
1375 2420 1415 2480 sot

287 2525 384 2588 certis
407 2524 526 2589 linibus
546 2529 684 2591 constet:
709 2528 743 2588 at
767 2524 852 2609 quod
870 2528 983 2588 nostro
1003 2521 1109 2586 sensui
1134 2520 1309 2604 displicere
1330 2525 1415 2588 istea-

286 2654 374 2714 mur,
407 2631 439 2694 id
473 2632 500 2695 si
533 2654 573 2695 ne
606 2630 769 2715 proditum
802 2630 930 2714 quidem
959 2635 1010 2694 est
1037 2629 1070 2692 in
1104 2629 1256 2714 genuinis
1289 2630 1415 2695 fontibus

287 2738 480 2821 scripturae,
512 2759 623 2801 verum
650 2736 806 2801 Italorum
835 2736 962 2800 demum
991 2736 1175 2801 coniectura
1203 2739 1418 2823 excogitatum,

287 2850 400 2910 nostro
433 2844 578 2927 profecto
611 2844 680 2907 iure
713 2844 761 2908 uti
794 2843 1065 2925 existimabimur,
1097 2842 1124 2904 si
1158 2841 1293 2907 illorum
1326 2842 1417 2908 sensui

287 2957 434 3016 nostrum
455 2955 700 3033 anteponamus.
732 2950 917 3014 Tenendum
940 2953 990 3012 est
1013 2949 1099 3012 enirn
1123 2970 1183 3031 pro
1205 2949 1296 3029 seraa
1317 2972 1372 3032 quo
1390 2970 1420 3012 er

287 3061 320 3121 in
353 3057 551 3123 Santeniano
584 3058 692 3122 codice
727 3058 872 3139 seraeque
906 3062 937 3120 et
972 3077 1056 3140 esse,
1091 3057 1125 3118 in
1157 3053 1292 3120 Datano
1325 3062 1419 3121 auten

284 3164 430 3244 feroxque
452 3163 499 3226 ia:
527 3163 560 3226 in
589 3186 667 3247 quo,
694 3163 756 3227 nisi
780 3164 919 3227 multum
942 3162 1099 3242 fallimur,
1125 3161 1216 3241 ferox
1241 3184 1335 3244 quom
1356 3163 1422 3227 deli·

286 3270 360 3335 tuit,
396 3269 513 3334 Restat
541 3270 762 3359 importunum
793 3270 872 3333 illud
901 3275 1044 3351 tempore:
1075 3270 1109 3333 in
1139 3292 1203 3354 quo
1234 3269 1422 3353 emendando

286 3378 396 3442 nescio
433 3400 474 3441 an
508 3377 680 3441 eorundem
718 3377 847 3440 illorum
880 3377 1037 3441 Italorum
1073 3375 1300 3440 felicissimam
1336 3397 1423 3458 saepe

287 3484 451 3548 divinandi
481 3485 648 3548 audaciam
681 3506 746 3549 non
778 3484 951 3548 infeliciter
978 3484 1024 3547 sic
1052 3483 1268 3566 aemulemur,
1302 3488 1340 3547 ut
1363 3503 1424 3546 eor·

286 3595 417 3673 ruptum
442 3612 458 3653 e
481 3592 586 3655 robore
608 3594 765 3674 putemus.
807 3589 851 3652 Hi
875 3596 911 3654 ut
938 3589 1110 3654 tersissimi
1139 3595 1258 3672 poetae
1283 3588 1424 3653 versiculi

287 3697 455 3781 prodeant:

418 3804 481 3868 llla
503 3808 713 3888 tempestate,
736 3804 826 3869 ferox
850 3826 962 3888 quom
986 3803 1126 3868 robore
1149 3800 1296 3868 Theseus

419 3912 579 3997 Egressus
604 3913 711 3976 curnis
736 3933 752 3975 e
775 3911 928 3976 litoribus
951 3909 1057 3974 Piraei

420 4019 546 4103 Attigit
568 4019 681 4083 iniusti
704 4019 791 4103 regis
815 4017 974 4102 Gortynia
997 4022 1117 4082 tecta:

271 4125 355 4206 sive
388 4127 444 4189 ille
479 4127 549 4190 ἀλκὶ
583 4127 744 4191 πεποιθώ(
778 4126 828 4190 vel
864 4127 951 4205 βίηφι
985 4126 1148 4190 πεποιθώς
1181 4147 1237 4188 seu
1272 4119 1428 4204 κάρτεῑῷ

287 4234 415 4296 πίςυνο(
445 4234 512 4297 sive
544 4234 604 4313 ἡφι
640 4233 747 4312 βίηφιν
779 4231 1000 4311 ἀγαλλόμενος
1030 4232 1078 4296 vel
1115 4232 1163 4314 βίῃ
1196 4233 1429 4310 ἐπαγαιόμενο(

287 4341 354 4405 sive
378 4341 484 4418 κάρτεϊ
507 4345 626 4418 γαῦρο(
651 4341 719 4404 sive
743 4339 868 4424 aliquid
893 4339 998 4403 simile
1022 4339 1193 4421 expressit,
1218 4360 1284 4421 quo
1306 4339 1429 4418 feroram

285 4450 431 4513 adversus
452 4448 593 4528 pericula
621 4445 672 4531 (ut
700 4453 750 4510 est
778 4445 862 4530 apud
893 4443 1057 4531 Tacitum)
1085 4445 1276 4510 bellatorem
1306 4445 1430 4510 diceret.
