2932 5026
185 320 249 385 388
605 337 653 383 mo
676 338 710 383 n.
734 336 911 384 vaniorem

185 477 271 563 (tuac
293 478 425 564 Bo.e)t
450 481 511 561 ipsi
537 499 667 564 mmmm,
684 479 778 562 'qaod
802 500 922 544 ammam
948 478 1119 543 amtrantar
1148 475 1295 565 (metienti

184 585 270 673 Βο.,)
300 589 374 652 dicti
399 593 480 652 caat.
517 609 622 652 aeram
645 593 810 669 postquam
834 588 896 652 ista
917 591 1037 669 reperta
1058 590 1144 666 ment,
1172 607 1295 668 provoco

182 694 312 759 smaasi
328 695 372 758 aet
387 695 445 760 aa
462 695 632 759 iccicititca
650 695 852 777 monosceada
869 698 1030 775 coemamat
1045 713 1200 775 maerere,
1215 714 1295 776 meaa

181 802 325 882 epatica
347 805 431 866 terra
453 802 543 886 tama,
569 822 591 865 a
614 803 691 866 tamo
712 801 758 866 cot
780 802 845 882 tam
866 801 1009 884 dictaret,
1035 805 1065 864 et
1085 821 1182 883 meque
1202 801 1246 865 od
1265 821 1295 866 oc

183 908 269 971 tioem
299 909 375 973 caete¹
405 914 524 991 attacta
555 929 587 974 se
617 928 762 973 aeneum
788 907 985 972 distenderet:
1017 908 1099 989 arcad
1124 909 1295 989 maresia

179 1021 347 1096 oeoocetroe
377 1021 527 1082 assecutos
557 1036 619 1080 cese
651 1019 866 1079 commemorat
897 1013 1016 1098 (omum
1049 1050 1085 1060 -
1115 1035 1295 1080 caramerum

183 1143 244 1185 om.
268 1119 349 1207 Bo).
372 1127 444 1187 tanc
466 1128 494 1187 et
515 1123 733 1187 ctiocamimcem
756 1121 838 1186 ortis
860 1125 959 1185 terrae
981 1119 1070 1207 (dim.
1092 1123 1253 1188 remoeroae
1273 1128 1295 1188 te

181 1249 236 1292 roe
258 1226 362 1315 Cass.)
379 1229 535 1311 probabili
556 1230 649 1310 refert
669 1230 789 1294 ratione
810 1229 980 1294 collectam:
1009 1229 1133 1310 ideoqree
1156 1228 1237 1316 (ileo
1258 1230 1295 1296 Be

179 1336 297 1416 faetrcm
327 1341 371 1401 est
392 1342 429 1401 ot
448 1338 614 1420 disciplina
636 1339 705 1420 msa
724 1339 906 1420 aemmtriae
928 1357 1039 1400 momen
1062 1337 1224 1419 acciperet,
1249 1358 1295 1419 qm

176 1463 235 1523 per
256 1445 378 1508 saecuta
402 1445 493 1526 taam
515 1421 644 1510 custodit
666 1443 830 1531 (constaret
849 1442 932 1524 Bo).
969 1442 1128 1508 Varronis
1152 1444 1255 1529 igitur
1276 1468 1295 1509 e:

181 1549 321 1632 emplum
345 1550 529 1616 Marcianus
552 1551 699 1615 imitatus
722 1554 937 1614 non-tantum
959 1549 1041 1614 haee
1063 1551 1295 1633 pronuntiante]

181 1655 260 1720 facit
279 1655 501 1722 Geometriam
515 1657 561 1723 VI
581 1681 610 1742 p.
628 1658 703 1723 192:
727 1657 903 1723 Geamrrio
924 1657 1018 1733 diem,
1041 1658 1123 1738 qaod
1136 1664 1295 1739 fonnem

179 1763 281 1828 erebro
313 1766 550 1847 admoneantque
580 1765 716 1830 tettmom
746 1767 867 1847 ciasqao
894 1765 1042 1851 imorcer,
1074 1765 1295 1846 maocitoctina

180 1870 291 1954 locam,
317 1877 425 1953 portes
451 1878 479 1937 et
508 1874 612 1938 stadia
633 1874 752 1954 possim
779 1893 849 1936 cam
875 1873 942 1936 saie
971 1871 1147 1936 rationibus
1168 1873 1295 1954 cariliaco

179 1999 273 2059 mearco
299 1978 367 2043 atta
397 1981 438 2043 stt
465 1980 500 2043 ia
527 1980 619 2044 totius
647 1984 744 2044 terrac
771 1980 944 2043 diversitate
964 1979 1109 2060 partitio,
1142 1999 1239 2060 aanor
1265 2001 1295 2045 m

179 2087 322 2149 amatorie
348 2105 439 2149 cama
461 2086 672 2167 descriptionis
694 2085 865 2150 absolvam:
894 2085 950 2149 sod
973 2084 1102 2168 inipso
1125 2088 1295 2170 geometris

180 2191 385 2256 enarratione
407 2191 456 2255 ita
478 2195 635 2270 versatur,
658 2195 695 2255 ut
717 2213 737 2255 a
760 2191 1014 2274 1119211227
1039 2193 1295 2278 geographiae

178 2298 323 2363 rationes
346 2298 487 2364 universi
507 2298 594 2362 orbis
614 2301 773 2363 terrarum
792 2301 1014 2383 persequatur,
1038 2319 1076 2362 ac
1094 2303 1166 2363 tum
1187 2299 1295 2364 demur

178 2407 316 2486 exposito
338 2411 437 2470 terrae
459 2426 682 2488 aearcoommoae
704 2426 858 2484 mammo,
880 2407 924 2469 od
939 2407 1020 2471 artie
1030 2410 1199 2487 praecepta
1215 2407 1295 2470 amic

179 2515 215 2574 ut
237 2511 306 2595 ipso
330 2513 376 2576 ait
398 2536 429 2597 p.
443 2513 507 2577 227
531 2509 618 2598 (coll.
641 2535 670 2595 p.
698 2513 774 2576 192:
805 2532 843 2575 ac
867 2513 989 2575 datorem
1017 2517 1115 2577 cetera
1141 2514 1295 2578 octntaui

172 2625 335 2701 praecata
364 2621 443 2683 artis
471 2616 619 2705 operire),
649 2619 679 2682 h.
703 2641 729 2682 e.
758 2617 798 2681 od
826 2619 982 2682 linearum
1005 2618 1250 2704 figurarumque
1272 2621 1293 2684 d

180 2728 351 2795 finitiones.
397 2727 600 2811 Quamquam
615 2725 711 2810 'quod
734 2726 767 2789 in
791 2725 1013 2809 prioreparte
1037 2725 1088 2789 bis
1112 2726 1214 2810 ipsius
1238 2749 1295 2791 mer

177 2834 298 2897 tionem
324 2832 480 2898 Varronis
504 2834 582 2898 feeit
604 2856 635 2916 p.
654 2832 726 2897 205.
750 2833 824 2915 214,
848 2832 880 2894 id
903 2832 1025 2895 nullam
1048 2831 1110 2895 huc
1134 2833 1201 2896 vim
1223 2832 1295 2897 han

178 2944 350 3023 propterea
380 2940 465 3024 quod
493 2944 525 3003 et
553 2940 633 3004 haee
661 2939 723 3003 duo
751 2938 938 3002 testimonia
968 2942 1001 3001 et
1023 2937 1242 3023 geographica
1264 2960 1295 3002 eo

177 3048 303 3109 tontum
330 3070 396 3112 non
424 3049 534 3112 omnia
561 3047 665 3110 Plinio
694 3047 810 3111 maiori
838 3043 904 3131 (vel
934 3044 1061 3129 Solino)
1089 3044 1200 3127 debet,
1231 3045 1295 3108 cuir

178 3152 249 3215 vide
273 3152 334 3236 ΙΙΙ,
358 3153 392 3238 5,
416 3152 479 3240 (6),
502 3155 546 3219 45
570 3159 603 3218 et
625 3153 682 3236 IV,
708 3155 762 3237 12,
786 3151 868 3240 (24),
892 3154 944 3217 77.
988 3152 1066 3216 Alia
1092 3151 1217 3215 Isidoro
1248 3172 1295 3215 eur

177 3258 324 3324 Varrone
356 3261 440 3326 ratio
464 3260 650 3349 intercedit.
696 3260 728 3324 Is
760 3260 844 3323 enim
875 3263 908 3323 et
931 3259 1164 3344 geographiam
1188 3278 1295 3322 sane<

177 3369 399 3452 gromaticam,
422 3389 518 3451 quam
543 3390 607 3432 non
631 3366 744 3450 attigit
766 3365 958 3452 Marcianus,
981 3366 1178 3449 complexus,
1201 3369 1295 3429 uttan

177 3496 239 3557 que
262 3480 370 3539 tamen
393 3477 434 3540 ab
458 3475 560 3559 ipsius
583 3474 779 3561 geometriae
802 3474 1007 3538 enarratione
1029 3474 1128 3559 longo
1148 3472 1295 3538 interval!

176 3579 370 3664 diremptam
398 3583 488 3646 libris
516 3582 646 3646 demum
669 3579 747 3644 XIV
775 3584 808 3644 et
830 3579 891 3644 XV
915 3578 985 3666 (ubi
1009 3603 1029 3645 a
1052 3602 1121 3663 cap.
1149 3580 1188 3645 13
1212 3578 1295 3664 agit!

175 3689 211 3751 de
233 3690 333 3769 oar-re,
360 3689 395 3751 de
416 3689 529 3768 finitae
551 3709 710 3769 ooromrm,
733 3688 769 3750 rte
790 3687 942 3750 merereris
963 3687 1124 3771 marmiren)
1149 3685 1294 3771 Originn

134 3813 161 3850 ιι
175 3816 309 3876 persecu
311 3797 362 3856 tus
386 3797 444 3857 est
489 3793 603 3877 Itaque
627 3815 780 3878 quaerere
804 3794 880 3857 lieet
902 3813 980 3856 num
1002 3791 1117 3856 forte
1108 3815 1143 3857 ιιι
1162 3792 1295 3858 varra·

90 3900 362 3986 gromaticis
394 3901 483 3965 loeus
514 3901 613 3965 etiam
641 3901 693 3965 his
721 3901 820 3965 fuerit
806 3899 932 3985 tOrig.
955 3898 1026 3983 XV,
1057 3901 1110 3984 13,
1139 3902 1170 3984 6,
1196 3922 1278 3985 quae

176 4005 368 4072 Servianis
359 4031 392 4071 m
407 4007 525 4092 Georg
543 4007 558 4071 I
578 4007 647 4071 init.
666 4007 837 4073 emendata
856 4008 1076 4091 ascripsimus.
1099 4010 1201 4073 menie
1218 4011 1295 4072 arete

174 4135 258 4196 aaa,
285 4120 320 4178 at
349 4116 447 4180 tarro
474 4117 569 4200 docet,
595 4115 826 4197 quadrifariam
854 4116 964 4179 dioirtit
951 4119 1011 4180 tor.
1043 4119 1100 4178 cat
1120 4116 1205 4178 caim
1227 4135 1295 4178 om

173 4227 216 4285 est
238 4242 311 4303 caer
333 4224 368 4285 id
388 4229 431 4287 cet
452 4223 628 4306 sationalis,
651 4228 708 4287 cat
728 4224 892 4287 consitione
916 4223 949 4286 id
969 4226 1014 4286 cst
1035 4226 1127 4303 aptore
1150 4221 1295 4287 orbaret·

173 4334 229 4393 aut
250 4325 386 4412 peccans
412 4332 466 4413 qai
492 4329 593 4396 tertie
621 4335 742 4394 tantam
763 4334 792 4394 et
812 4327 1003 4393 aaiocatiime
1024 4332 1126 4405 coeat,
1155 4334 1213 4392 out
1234 4328 1295 4410 stoc

173 4439 231 4503 doe
252 4438 288 4504 ia
308 4458 369 4523 qao
391 4458 398 4485 ¹
592 4438 613 4454 ''
626 4458 703 4505 nmo
725 4439 786 4502 orti
804 4435 979 4501 secundum
994 4433 1192 4522 Varronem)
1212 4435 1295 4519 opib
