2932 5026
310 330 554 393 oveaamouro
576 332 914 385 ouonurouoercuu.
1117 318 1184 387 3³3
1298 334 1305 347 ’

114 472 149 539 lll
160 497 187 560 p.
206 474 226 540 I
248 474 321 541 adu.
342 474 394 561 9];
420 478 456 541 ct
476 472 513 541 L.
534 472 661 561 Meyeri
688 474 799 563 ‘vergi
822 474 977 545 Gramm'
998 476 1032 543 11
1054 500 1085 563 p.
1107 478 1184 564 592,

112 578 306 649 llekeiacuua
332 580 369 647 in
391 580 512 647 Annul.
536 580 651 667 philol.
678 585 702 649 t
724 580 832 649 XCIII
854 580 973 669 (1866)
993 606 1026 669 p.
1048 584 1080 668 9,
1102 583 1183 651 Vae·

111 708 182 753 uerua
199 688 239 755 de
258 686 422 755 Paeudulo
443 710 476 773 p.
497 688 529 774 8,
550 686 769 755 Buechelorua
792 690 826 755 in
847 689 1046 757 l'leolreiaeni
1064 692 1184 757 Annal.

110 792 195 877 philol
214 797 239 861 t
259 791 370 861 xum
395 816 427 881 p.
449 794 530 879 242,
552 793 732 879 Seyffertua
754 797 789 863 in
811 796 928 864 Philol.
951 798 1014 864 rol.
1035 796 1129 865 XXV
1152 821 1183 883 p.

109 900 167 989 4483
183 900 260 969 XXI
280 924 314 989 p.
335 902 417 989 6773
439 900 551 969 XXIII
572 925 605 989 p.
626 902 704 971 480.
1311 904 1315 913 ’

488 1098 729 1111 —n—

597 1224 619 1291 2

73 1316 357 1417 curmouvu
370 1344 846 1519 euomuppommuvu
861 1348 1182 1417 ruuvururuvu

466 1452 569 1521 cum
600 1455 629 1520 u
655 1453 755 1521 ovo.

505 1594 632 1684 Caput
653 1596 712 1684 1.·)

132 1716 324 1787 IIemiuiatia
346 1725 469 1807 quauta
490 1743 594 1808 nuper
616 1722 786 1807 industria,
808 1724 842 1789 id
865 1724 950 1811 quod
973 1724 1097 1811 pridem
1115 1726 1181 1793 iac·
1197 1750 1237 1792 111

54 1818 114 1891 hu
139 1832 340 1915 oportuerat,
372 1829 534 1915 propria
559 1828 717 1895 nomina
743 1850 880 1917 graecae
910 1832 1040 1919 liuguae
1069 1833 1182 1919 colligi

52 1936 155 2017 coepe
179 1932 247 2001 rint
270 1956 432 2023 quamquo
453 1935 619 2003 laudabile
641 1958 680 2003 co
702 1936 737 2003 in
760 1958 878 2025 genero
900 1937 1089 2026 diligentiae
1112 1963 1181 2026 apa·

52 2032 145 2107 tlmen
168 2040 207 2107 (I.
233 2041 378 2127 Papiae
405 2040 577 2110 Berolinae
605 2043 743 2110 ediderit
773 2045 948 2113 utilissimo
974 2050 1090 2131 pareto
1116 2068 1183 2113 uou

51 2134 193 2215 Materiae
215 2148 322 2235 magia
344 2172 442 2237 quam
465 2150 569 2236 ipaiua
587 2150 720 2239 linguae
738 2152 921 2219 accuratius
940 2152 1183 2239 cognoscendae

53 2244 272 2344 itehumeuto„
310 2256 374 2337 Qui
400 2259 549 2346 quamvis
575 2259 676 2347 longo
704 2262 780 2345 poet
807 2280 843 2325 eo
869 2259 1043 2325 intervallo
1071 2259 1183 2325 tenuia

55 2352 88 2423 li.
106 2359 161 2429 cu
182 2362 314 2431 Grueii
341 2364 437 2434 initia
462 2364 646 2451 reliquerit,
671 2370 783 2433 tamen
805 2365 846 2432 ad
868 2388 942 2432 eam
965 2387 1062 2451 quam
1085 2365 1183 2431 rellea

10 2448 13 2463 ⁸
59 2466 266 2547 pretorem
292 2492 335 2537 ne
362 2493 456 2537 auam
482 2471 613 2559 quidem
641 2494 774 2557 operam
802 2471 944 2538 adduxit
989 2470 1081 2550 Quod
1104 2472 1183 2537 nolo

63 2568 94 2635 de
117 2576 243 2663 singulis
267 2576 459 2663 quibusdam
482 2578 670 2644 nominibus
693 2579 778 2643 forte
801 2560 1183 2663 praetermiaaiadictum

69 2696 132 2743 ease:
148 2684 253 2768 qualia
275 2706 348 2750 cnm
370 2686 554 2771 promiscue
576 2686 680 2751 latent
703 2690 773 2749 tum
793 2684 931 2770 singulis
950 2685 1182 2770 propemodum

74 2782 154 2854 diebu
181 2814 218 2856 cr
246 2792 529 2879 epigraphicorum
557 2792 762 2877 potissimum
786 2797 1069 2858 monumentorum
1093 2793 1182 2857 inex-

76 2886 160 2961 hausto
187 2898 277 2963 fonte
307 2899 476 2982 prodeunt.
525 2898 646 2965 Verum
678 2898 762 2982 quod
798 2900 927 2985 aegrius
955 2900 1089 2964 ferimus
1122 2899 1183 2964 hoc

81 3004 118 3079 tlt,
132 3004 203 3086 quod
225 3005 280 3069 ille
300 3025 419 3090 genera
438 3005 596 3091 quaedam
615 3006 767 3071 universa
783 3029 941 3073 novorum
962 3006 1180 3091 exemplorum
1192 3031 1224 3071 ιν

82 3098 237 3176 femiaaima
266 3114 324 3176 ant
353 3113 455 3178 levius
485 3112 639 3176 tractavit
666 3118 722 3177 aut
749 3134 790 3177 ne
818 3114 932 3199 attigit
955 3112 1093 3199 quidem.
1140 3112 1184 3177 m

10 3294 12 3305 Ι
83 3203 149 3277 letius
173 3218 297 3302 quidem
324 3223 465 3284 tractata
492 3240 562 3282 esee
588 3218 683 3283 facile
708 3223 844 3304 apparet
866 3222 1000 3286 uomina
1023 3220 1182 3285 Romano·

83 3319 298 3391 uoluminum
321 3346 436 3412 graece
459 3325 547 3390 facta
571 3349 591 3391 a
613 3326 738 3410 graecia
763 3326 988 3410 scriptoribus:
1020 3327 1104 3411 quud
1129 3347 1180 3410 gc·

81 3438 129 3507 tlt,
147 3438 225 3498 recte
253 3431 295 3497 ab
323 3432 395 3517 ipae
418 3433 520 3518 Papio
549 3437 582 3498 et
604 3433 771 3498 delinitum
795 3437 828 3496 et
851 3433 1057 3497 aestimatum
1081 3432 1182 3517 praef.

81 3544 101 3605 l·
115 3526 181 3620 VIII,
201 3538 255 3604 hic
278 3561 344 3604 non
369 3539 445 3605 licet
467 3539 658 3623 diligentius
682 3539 840 3624 persequi.
880 3537 1087 3604 Contrarium
1107 3538 1182 3603 huic

80 3626 133 3699 illud
151 3648 200 3725 eet,
222 3645 307 3729 quod
327 3667 552 3731 graecorum
571 3648 767 3712 nominum
787 3646 942 3730 exemplis
962 3647 1146 3712 continetur
1165 3669 1182 3711 e

79 3733 177 3813 latinis
204 3750 355 3816 litteris
384 3753 651 3837 petendorun13
680 3758 777 3839 atque
804 3752 888 3818 hauc
916 3752 970 3816 ille
998 3753 1183 3837 provinciae

75 3865 128 3914 mue
146 3863 264 3939 partem
294 3858 437 3945 neglexit
464 3860 610 3944 proiecto
637 3864 765 3944 praeter
792 3860 1074 3944 exspectationem.
1121 3858 1182 3923 Sed

72 3961 188 4037 nomn
209 3988 250 4030 ne
274 3964 370 4031 huius
389 3967 519 4052 quidem
539 3968 721 4053 argumenti
743 3967 923 4031 ubcrtatem
943 3964 1182 4050 praefatiuncu-

69 4059 104 4127 l²e
118 4074 276 4155 angustiae
295 4074 436 4158 eupiunt,
459 4076 536 4140 nolo
555 4075 595 4140 ad
614 4075 860 4160 inscriptionum
881 4074 1057 4138 latiuurum
1078 4073 1182 4137 inlini·

64 4172 102 4235 itt
120 4179 220 4262 copias
243 4181 429 4265 exspatiari,
452 4204 470 4245 c
493 4182 610 4267 quibus
634 4204 700 4246 non
720 4204 798 4245 earre
818 4179 988 4245 mediocris
1008 4179 1182 4243 multitudo

62 4296 249 4315 Ἢ-

128 4352 151 4421 ⁸)
175 4354 365 4425 [Prooemium
391 4355 494 4412 Iudicia
517 4357 676 4413 ecbolerum
702 4357 880 4411 hibernarum
908 4355 1094 4411 Bouneneium
1118 4371 1181 4410 ann.

52 4436 283 4499 morocccxmu
303 4447 334 4499 e
351 4444 462 4517 nuru]
