2932 5026
536 330 793 381 aoorsroruors.
1170 316 1238 385 405

255 472 299 555 [b
320 494 348 539 a.
379 472 501 539 Rerum
534 473 731 555 divinarum]
762 474 800 540 de
830 474 916 541 multu
946 477 1073 543 mrum
1103 478 1236 561 sorpsit.

251 578 330 647 ibid.
351 602 379 647 c.
398 580 457 647 34:
478 582 566 665 opud
585 582 714 647 nsum
743 581 914 649 Vononen
936 584 972 649 in
993 582 1072 649 libro
1092 585 1131 649 de
1151 584 1237 651 mun

250 686 384 754 deonna

192 790 222 859 V.
249 790 435 861 Macrobius
458 792 527 861 Sat
548 792 612 880 111,
637 795 692 860 14:
730 796 831 863 Vorro
859 797 893 863 in
921 797 1091 882 bursone
1112 799 1168 882 qni
1189 800 1236 865 in·

247 902 394 969 moror
409 900 563 969 Marius
583 902 625 969 de
640 902 808 984 fortuna.
840 901 1077 971 SchotVeron
1090 904 1124 971 in
1138 902 1236 993 Verg.

247 1006 518 1095 Aen.V11,681:
547 1008 648 1077 Vorro
661 1059 669 1074 .
684 1060 692 1075 .
706 1061 714 1076 .
728 1010 807 1076 labro
828 1012 884 1094 qni
906 1010 1085 1079 iruuubitnr
1105 1010 1235 1078 Marius

245 1120 302 1183 aar
321 1118 361 1183 de
379 1118 518 1200 fortino.

190 1221 229 1289 Ex
249 1222 301 1301 bia
324 1222 483 1309 exemplis
506 1227 559 1288 aat
579 1228 670 1289 certa
688 1217 816 1289 videtur
833 1224 1020 1291 coniectura
1037 1225 1077 1291 de
1095 1226 1136 1291 iia
1155 1226 1234 1311 fieri,

131 1326 213 1413 qnibm
229 1352 404 1415 suppresso
426 1330 669 1415 &abbricum
689 1331 823 1396 nomine
851 1332 924 1397 labri
944 1336 1074 1398 tantum
1097 1334 1233 1400 binomi-

130 1454 170 1499 nn
182 1440 472 1522 commemorantin,
494 1438 591 1523 plane
609 1442 647 1503 ut
664 1459 685 1502 a
699 1435 878 1505 Censorino
896 1438 1019 1505 factum
1037 1439 1073 1505 in
1087 1439 1166 1527 bog.
1175 1439 1234 1527 111,

129 1538 369 1629 seuugiuano
386 1542 565 1629 interprete
582 1543 617 1609 in
631 1542 672 1610 V.
694 1543 819 1621 Quibus
842 1545 957 1611 atatim
978 1545 1038 1612 illa
1058 1546 1234 1633 iungimus,

128 1666 179 1711 ern
193 1648 284 1717 ciem
304 1649 437 1717 brevius
460 1672 518 1717 nec
542 1652 732 1737 loyiatorions
754 1672 815 1717 nec
836 1650 912 1717 leber
933 1652 1061 1737 dicitur,
1082 1652 1140 1719 aad
1162 1652 1235 1738 ipsa
1271 1708 1279 1721 .

131 1754 224 1835 muna
243 1755 415 1843 inscriptio
436 1756 571 1842 ponitur
592 1756 634 1823 ad
657 1756 903 1823 similitudinem
926 1757 1028 1825 Nonii
1050 1758 1084 1824 in
1107 1756 1186 1845 Iiog.
1208 1758 1234 1824 Ι.

172 1858 214 1927 vl.
246 1858 443 1931 Censorinus
466 1863 506 1930 de
528 1863 581 1929 die
603 1869 671 1931 nat
694 1886 764 1949 cap.
782 1866 818 1929 2:
848 1864 948 1930 Varro
969 1865 1004 1930 in
1026 1886 1060 1931 eo
1082 1866 1161 1931 libro
1182 1867 1234 1931 cni

246 1970 355 2037 mee
379 1974 425 2037 est
450 1970 602 2037 Atticus
627 1975 657 2035 ot
681 1976 727 2036 est
755 1970 791 2052 [f.
812 1976 842 2037 et
863 1972 948 2037 inens
971 1970 1044 2038 coil.
1066 1970 1145 2057 Log.
1168 1970 1232 2055 Ill]

245 2076 286 2143 de
305 2078 482 2143 nnnreria.
514 2076 717 2163 Quamquam
736 2077 776 2143 dc
794 2076 856 2143 hoc
874 2082 1066 2165 argumento
1084 2082 1122 2143 ut
1139 2078 1232 2145 vaide

246 2183 430 2251 dubitemus
453 2184 579 2251 iaciunt
601 2206 684 2271 qnae
707 2188 897 2270 sequuntur:
921 2185 957 2249 id
972 2186 1068 2251 enoris
1087 2186 1268 2253 instituti-r

244 2312 301 2375 qne
316 2292 452 2359 maiores
467 2294 567 2359 noeti
584 2296 754 2376 teamnt,
770 2297 815 2375 ut,
833 2313 903 2357 curn
918 2292 969 2357 die
981 2294 1084 2359 notati
1101 2314 1233 2359 moreris

244 2398 359 2465 onmie
386 2401 478 2484 oenm
506 2399 667 2478 solverent,
700 2420 831 2465 monum
856 2420 878 2464 o
904 2400 993 2473 coeio
1018 2420 1057 2465 oc
1081 2402 1233 2484 canonino

246 2504 432 2571 abstinerent
458 2528 484 2573 c.
507 2528 540 2592 q.
561 2528 586 2572 a.
631 2504 756 2583 Quibus
780 2505 888 2571 verbis
912 2506 1015 2572 multo
1038 2506 1230 2572 convenien-

246 2611 364 2677 tiorem
391 2633 463 2677 esse
490 2617 626 2698 apparet
648 2612 786 2677 Aldinae
815 2611 1010 2696 scripturam
1038 2614 1080 2678 dc
1108 2634 1230 2678 irretire·

246 2719 361 2799 ribus,
385 2719 453 2784 sive
476 2741 515 2784 ea
538 2742 555 2783 e
578 2719 742 2783 codicibus
766 2718 872 2802 petita
890 2722 941 2783 est
959 2718 1026 2782 sive
1045 2718 1231 2785 coniectura

246 2825 385 2915 inuenta
423 2824 485 2891 Sed
509 2824 673 2889 Ausonius
699 2825 821 2908 I'opma
844 2825 930 2910 quod
953 2824 1058 2889 voluit
1080 2828 1231 2893 ortiuelus

245 2954 301 3015 pro
325 2933 457 3027 Atticus,
481 2953 519 2996 co
542 2930 625 2996 nihil
648 2932 839 3015 perversius.
865 2969 905 2977 -
937 2928 1011 2994 Non
1036 2937 1144 2996 eutem
1167 2934 1229 2999 huo

247 3040 388 3122 pertinet
411 3039 588 3125 Augustini
612 3039 666 3122 qui
691 3039 773 3103 salso
798 3039 899 3103 fertur
923 3038 1162 3123 testimonium,
1190 3041 1229 3105 de

245 3146 460 3232 grammatica
473 3168 504 3230 p.
515 3147 611 3229 2008,
624 3147 666 3210 47
684 3144 729 3209 l'.:
753 3145 850 3210 Varro
864 3146 898 3209 in
913 3145 1000 3211 libris
1014 3168 1229 3212 nccrrrcronnn:

246 3253 300 3319 ubi
319 3253 382 3319 etsi
402 3253 627 3339 corrigendum
651 3274 721 3316 esse
745 3253 822 3318 libro
846 3257 1008 3335 putamus,
1031 3258 1140 3319 temon
1163 3278 1229 3320 non

246 3359 469 3446 logistoricum
497 3359 574 3441 dici,
601 3360 657 3423 sed
685 3381 784 3423 uuum
815 3381 831 3423 e
856 3357 1108 3442 Disciplinarum
1136 3360 1229 3425 libris

246 3466 471 3550 Varronianis,
494 3465 572 3530 alibi
596 3464 891 3530 demonstrabimus
917 3467 959 3545 [v.
978 3487 1077 3548 supra
1095 3488 1125 3549 p.
1140 3468 1229 3548 3621.

143 3547 211 3633 VH.
246 3573 369 3638 seruus
392 3570 486 3656 xur,
508 3574 543 3636 4:
582 3574 615 3636 n
643 3573 720 3637 uuo
750 3571 900 3636 Varronis
922 3572 976 3653 qu
1000 3572 1164 3655 ausurus
1185 3579 1230 3638 eu

245 3680 388 3745 Orestes
411 3680 519 3744 oeldo
542 3680 705 3744 insanio.

117 3749 208 3847 vul.
243 3783 331 3851 Idem
355 3785 466 3869 XVII,
492 3786 545 3851 18:
583 3786 630 3850 M.
664 3785 760 3851 Varro
789 3788 824 3851 in
853 3786 930 3851 libro
958 3808 1046 3869 ornem
1075 3788 1230 3869 insertus

245 3892 335 3959 Pius
356 3899 413 3957 out
434 3895 474 3958 dc
491 3914 589 3975 poce.

149 3974 212 4061 lx.
246 3998 333 4064 uem
348 3999 435 4084 xvi,
449 4001 484 4064 o:
507 4000 555 4065 ur.
577 4000 675 4064 curro
696 4002 732 4065 n
750 4000 910 4067 sescum.
933 4000 978 4065 ui
1000 4000 1040 4064 u
1057 3998 1228 4065 nunna.

162 4086 208 4168 X.
242 4104 366 4172 Nonius
381 4130 410 4190 p.
426 4108 540 4189 1222:
565 4107 664 4172 Varro
678 4106 805 4190 Poppo
823 4111 879 4171 oret
898 4108 963 4187 [de]
980 4107 1227 4189 inciiycbctioj.

246 4211 297 4277 Sic
320 4214 408 4279 enim
430 4215 589 4279 librorum
613 4237 688 4280 mss.
711 4214 851 4299 vestigia
873 4213 957 4278 haud
982 4214 1090 4297 paullo
1113 4214 1228 4298 proba·

247 4318 342 4385 bilius
371 4323 520 4405 supplere
549 4322 693 4386 videmur
720 4342 816 4406 quam
840 4342 912 4385 cum
936 4319 1081 4385 Ausonio
1104 4319 1227 4405 Popmu

246 4427 280 4493 de
301 4428 553 4513 indiyitirnentcs.
