2932 5026
137 329 203 394 310
409 341 650 402 ovansrrouus
675 330 1009 390 ououanoroorcas.

139 487 352 553 *Ἐλεύειον
375 485 587 549 Eleusi'um:
609 485 745 549 tibicina
760 483 999 567 Aululariaell,
1010 485 1039 568 5,
1051 484 1079 547 Ἰ.
1096 483 1268 564 [Derivatu

184 593 380 659 avocabnlo
403 592 532 675 ἔλευειε,
555 596 592 654 ut
616 591 804 669 antdvqcu
823 591 861 654 fit
880 587 1072 671 Πλανήειον,
1096 612 1118 655 a
1138 590 1268 670 φρόνηει

184 699 384 782 acorrima]
466 770 467 773 ,

140 798 434 890 *t’fitulpupssoc
457 806 735 872 Exaerambus:
759 805 914 885 vinarius,
936 803 1108 868 Asinariaa
1130 802 1173 887 ll,
1193 806 1225 886 4,
1244 806 1268 869 31

185 917 227 979 32
251 912 340 998 (436.
363 913 454 998 438).
501 914 570 990 Quo
595 918 746 997 spectans
766 909 978 976 casaubonus
1002 911 1036 975 in
1055 910 1229 975 Athenaei
1246 911 1268 975 11

186 1045 216 1106 p.
243 1020 347 1086 112E
372 1019 456 1106 ‘ego’
481 1019 587 1104 inquit
611 1018 686 1084 ‘non
710 1018 843 1082 memini
866 1039 938 1082 eam
956 1018 1017 1082 viri
1036 1019 1268 1103 appellatione:

185 1151 322 1213 usquam
352 1128 437 1211 apud
461 1127 602 1193 Graeoos
631 1126 753 1211 legera:
782 1147 819 1190 ac
847 1124 987 1189 fortasse
1010 1124 1168 1191 Soranus
1197 1127 1268 1210 scri]

187 1240 296 1300 serant
319 1240 353 1299 ct
371 1234 506 1300 Plautus
531 1239 563 1298 et
582 1255 716 1319 graecus
736 1233 792 1297 illa
811 1233 962 1316 comicus,
986 1254 1082 1316 quem
1102 1239 1206 1316 poeta
1224 1235 1268 1298 lat

187 1365 248 1413 nus
281 1343 426 1427 seqnitur
456 1341 641 1408 auctorem?
688 1341 848 1438 Graecum
876 1341 962 1405 enim
989 1341 1150 1423 cauponis
1178 1363 1268 1405 nome

188 1449 362 1534 (άραμβοε,
385 1450 417 1514 in
442 1449 529 1534 quod
553 1471 665 1514 vereor
689 1473 728 1514 ne
748 1449 927 1513 Meinelrins
952 1446 1042 1513 Com.
1067 1453 1090 1512 t.
1110 1446 1158 1512 IV
1180 1472 1212 1532 p·.
1231 1449 1268 1513 52

188 1556 325 1621 calidius
344 1555 621 1637 animadverterit,
645 1555 726 1619 satis
746 1555 926 1620 vindicasse
941 1554 976 1619 L.
990 1554 1199 1620 Dindorfinm
1215 1554 1268 1618 Tu

192 1664 279 1728 sauri
303 1667 326 1727 t.
351 1661 413 1726 Vll
437 1686 467 1747 p.
492 1664 531 1726 71
557 1666 719 1746 putemne,
744 1662 872 1746 quicum
896 1662 935 1726 cl.
954 1659 1154 1728 Lobeckium
1168 1661 1268 1726 Patho

191 1788 238 1853 gr.
257 1768 381 1853 proleg.
400 1791 430 1852 p.
450 1756 523 1834 298.
566 1768 614 1833 Ac
637 1768 805 1833 fatendum
828 1773 879 1833 est
897 1769 1198 1833 commodissimum
1218 1767 1268 1831 illa

190 1875 337 1940 versibus
360 1876 521 1940 Plautinis
545 1897 628 1940 esse:
659 1875 720 1940 Sed
741 1877 915 1956 vicopleno
937 1874 1003 1938 teri
1025 1875 1151 1939 anama·
1174 1873 1268 1938 aindr

189 1981 356 2047 strombo:
381 2020 421 2028 ·-
448 1983 533 2045 Num
561 1981 711 2046 otiatus
733 1983 836 2063 absum
858 1982 1007 2046 adducere
1029 1982 1216 2063 trupc'aitum
1239 1981 1268 2045 Sa

189 2087 339 2152 rdmbrnn.
366 2087 477 2172 Ipsam
497 2087 738 2183 diphthongum
758 2087 821 2151 nisi
837 2085 939 2151 Vetus
964 2088 1063 2152 codex
1087 2093 1209 2172 servet,
1232 2110 1268 2153 n<

189 2194 328 2259 sortasse
361 2195 468 2278 inepte
501 2194 662 2278 quispiam
695 2194 733 2257 de
767 2192 930 2274 (η’ραμβο(
965 2193 1133 2260 Scrobibus
1167 2196 1268 2280 cogite

191 2301 280 2366 ouius
304 2301 445 2366 nominis
469 2301 617 2385 exempla
639 2300 823 2365 Lobochius
848 2300 1044 2385 suppeditat.

148 2407 405 2486 *Ἐπίγνωμοε
429 2407 683 2492 Epignomns:
708 2407 833 2474 invenis
853 2407 989 2471 maritus
1009 2404 1122 2472 Stichi.
1160 2407 1265 2473 Serva

190 2514 251 2578 hoc
270 2533 389 2578 nomen
408 2537 465 2598 per
480 2519 584 2580 totam
598 2514 745 2579 fabulam
759 2537 823 2580 non
839 2513 981 2579 Palatini
996 2517 1136 2597 tantum,
1157 2516 1215 2580 sed
1230 2516 1266 2600 ip

191 2620 436 2686 Ambrosianus.
483 2622 545 2686 Hic
569 2627 677 2686 antem
701 2622 785 2685 liber
809 2642 880 2685 cum
904 2625 936 2683 et
960 2643 1018 2703 pro
1043 2643 1193 2686 sororum
1216 2644 1268 2707 qur

191 2727 378 2792 serebantur
400 2729 584 2793 nominibus
604 2729 777 2811 Panepyris
795 2731 829 2792 ct
846 2727 1019 2806 Pinacium,
1043 2734 1075 2791 et
1099 2751 1159 2812 pro
1185 2730 1268 2815 iuep‘

191 2834 283 2917 pueri
306 2834 437 2899 nomine
461 2834 651 2917 Dinocr'um,
676 2839 708 2899 et
732 2856 808 2899 vero
832 2857 891 2917 pro
914 2834 1025 2898 fratris
1048 2835 1181 2899 nomine
1205 2835 1268 2900 Por

184 2939 347 3021 philippus
370 2962 504 3023 prorsus
528 2923 655 3005 diversa
678 2941 757 3005 haee
782 2941 960 3005 substituat
985 2940 1184 3027 Philumena,
1208 2943 1268 3008 Par

186 3046 290 3127 philo,
318 3046 498 3124 Pinacium,
526 3046 726 3127 Panartilus:
759 3048 797 3112 dc
833 3070 895 3131 quo
924 3047 1046 3112 dictum
1075 3053 1124 3113 est
1153 3051 1186 3114 in
1211 3074 1268 3135 pra

193 3151 317 3216 satione
351 3150 456 3216 Stichi
488 3175 518 3235 p.
546 3152 576 3216 X
605 3174 663 3236 sq:
701 3154 844 3218 eiusdem
881 3153 1079 3220 condicionis
1113 3157 1268 3223 societate

195 3258 422 3324 Fleckeisenus
451 3257 619 3343 (editionis
648 3283 724 3324 suae
748 3285 778 3345 p.
802 3261 882 3346 233)
911 3262 1094 3344 suspicatus
1127 3268 1179 3326 est
1202 3264 1268 3328 etia

197 3368 238 3432 ad
257 3369 395 3433 alterum
415 3368 551 3432 fratrem
570 3369 765 3452 pertinuisse
784 3391 842 3451 pro
863 3390 964 3452 eoque
983 3368 1067 3452 quod
1087 3367 1184 3434 hodie
1201 3370 1268 3434 fert

203 3475 398 3558 Epnpnonsus
429 3475 559 3539 nomine
592 3476 680 3540 aliud
712 3475 818 3559 ipsum
851 3479 983 3558 poetam
1016 3475 1177 3557 posuisse,
1210 3475 1266 3561 idq

201 3604 386 3646 mensuram
405 3582 538 3665 paeonis
558 3583 688 3647 secundi
709 3603 851 3666 aequans
871 3582 959 3645 velut
972 3581 1190 3663 Epistrophus.
1219 3579 1268 3647 Sat

203 3687 234 3751 id
258 3687 387 3771 quidem
412 3710 478 3770 per
502 3711 540 3752 se
563 3689 788 3772 probabiliter:
813 3709 1007 3773 quamquam
1031 3687 1136 3752 altera
1155 3711 1194 3753 ex
1213 3712 1268 3773 par

203 3792 283 3863 illud
316 3797 426 3857 tamen
458 3816 573 3878 parum
607 3794 810 3860 commodum
839 3795 1035 3878 explicatum
1062 3793 1178 3879 habet,
1210 3818 1268 3880 qna

205 3899 287 3964 miro
311 3924 387 3965 casu
411 3901 445 3965 in
468 3902 733 3986 Ambrosianum,
759 3904 814 3987 qui
839 3904 872 3968 in
896 3901 1011 3967 ceteris
1035 3902 1141 3985 ipsam
1166 3907 1268 3967 vetere

203 4009 421 4073 recensionem
442 4015 677 4093 repraesentet,
700 4032 799 4075 unum
822 4032 943 4076 nomen
967 4009 1071 4074 solum
1095 4008 1268 4092 inrepserit

204 4114 397 4178 recentiore:
422 4115 506 4197 qnod
531 4120 644 4180 contra
662 4116 794 4180 minime
813 4117 930 4180 mirum
949 4138 987 4181 ex
1008 4115 1192 4200 antiquiore
1210 4137 1268 4180 unt

202 4221 292 4304 pueri
330 4242 449 4285 nomen
481 4222 648 4288 Pinacium
684 4224 833 4288 relictum
866 4245 936 4288 esse
970 4223 1004 4287 in
1036 4220 1157 4286 Vetere
1191 4221 1268 4286 cadi«

198 4328 320 4393 Verum
343 4332 393 4391 est
416 4349 516 4394 annm
537 4329 670 4415 fpbnlaa
691 4351 834 4414 narsum,
857 4330 908 4396 cui
932 4330 1055 4414 aliquid
1078 4329 1170 4394 deest
1193 4328 1233 4393 ad
1258 4327 1268 4391 l

197 4435 348 4520 gitimam
376 4452 470 4500 meno
762 4435 920 4523 paeonico
948 4435 1105 4504 vocabulo
1133 4456 1268 4501 commo«
