2932 5026
573 346 858 399 comitumve.
1219 334 1285 401 261

241 494 335 561 lesse
354 492 392 561 1⁰
419 492 579 561 Afranii
607 492 773 559 wuarium
799 490 977 561 multitudo
1005 490 1163 559 librorum
1184 493 1286 561 mbm

121 604 124 609 '
179 598 1011 689 paflozmstomsailmasoensqsenpm
1047 596 1287 667 lubisteusen

181 707 239 813 uiti
253 728 305 777 uec
324 706 534 791 &mccc
554 703 645 791 queri
663 725 724 789 pro
745 724 786 771 eo
807 704 874 771 iam
897 706 1023 771 sotem
1045 704 1188 771 editores
1210 706 1287 771 snb-

183 814 320 883 st'beruut
338 815 433 895 aas,
455 816 510 879 sat
530 809 699 879 commode
720 832 819 899 posse
841 810 987 899 expediri
1008 812 1115 879 risum
1137 814 1198 879 est
1241 811 1288 879 llt

125 984 128 989 .
183 924 275 989 mun
293 918 423 1009 quidem
445 917 681 987 dubiteh'euem
703 917 759 985 rix
781 916 896 1004 babet,
918 918 997 1005 quin
1018 918 1054 985 in
1076 918 1190 985 sedern
1212 942 1286 1007 pro·

182 1026 368 1115 lepoisbulse
389 1028 426 1093 et
444 1024 495 1092 illi
516 1024 626 1091 versui
646 1023 738 1090 leons
759 1021 861 1090 inerit
876 1029 911 1090 et
927 1024 981 1091 his
998 1046 1081 1112 quos
1098 1024 1286 1093 Macrobius

182 1132 285 1201 mss
309 1130 439 1201 Satnrn.
458 1148 511 1215 vr,
533 1132 568 1215 1,
589 1130 613 1195 4
639 1128 741 1216 (apud
763 1128 979 1212 Ribbeckinm
1000 1153 1032 1216 p.
1057 1129 1151 1219 144):
1176 1133 1286 1215 fateor,

182 1240 341 1323 mpsim
361 1238 404 1305 cb
423 1236 595 1316 immede,
616 1232 1289 1323 &commemoremus

183 1344 406 1429 sidenem
426 1342 1286 1429 mpoesseselisusooerecredidi,Eticmclatiao.

182 1448 325 1541 luprolcgo
337 1454 459 1537 autem,
476 1470 541 1537 quo
558 1448 625 1536 ipsi
641 1448 882 1535 compellantur
899 1452 1111 1535 spectatores,
1129 1472 1285 1536 quorsum

181 1558 301 1643 pulnere
326 1556 474 1645 petuisse
495 1576 667 1623 numerum
690 1553 782 1621 serbi
805 1554 1006 1641 singularem
1027 1556 1109 1623 dices
1130 1556 1286 1643 putabis?

182 1660 245 1739 trel
265 1664 456 1753 intellegens
477 1662 620 1731 liotbius
649 1684 724 1731 cum
753 1662 788 1729 in
818 1661 944 1749 primas
973 1684 1133 1749 personae
1161 1663 1286 1731 formes

181 1766 267 1851 Ἰάσον’
286 1768 434 1857 ‘rumpi'
456 1766 599 1839 ‘amai’
621 1768 754 1857 sgrsg'e
775 1766 935 1855 quadrare
954 1770 1059 1837 aare
1076 1769 1286 1857 participium

180 1876 351 1945 nucum
380 1900 414 1965 p.
437 1878 517 1963 185,
546 1898 616 1945 ucu
647 1876 754 1963 rusgis
785 1874 967 1961 penusdst
1016 1874 1088 1943 Nec
1119 1874 1207 1943 euim
1237 1875 1288 1943 ite

179 1980 249 2051 icas
267 1984 377 2071 potius
404 1986 625 2071 exspectetur,
656 1981 743 2069 quod
764 2004 880 2068 parum
902 1980 1075 2049 iucundius
1096 1980 1286 2050 habiturum

180 2086 312 2177 ileum
328 2086 554 2157 'munaus'
576 2087 802 2176 ‘intellegens’
825 2085 1003 2155 ‘seub‘ens’
1021 2088 1074 2155 sel
1096 2086 1220 2175 eliquid
1242 2088 1285 2155 si·

176 2192 240 2263 nise
254 2218 320 2285 uec,
340 2195 425 2265 illusi
446 2196 476 2263 si
497 2196 684 2281 toleremus,
705 2194 774 2263 ulle
796 2195 893 2264 morlo
914 2195 1113 2284 perspicitur
1130 2217 1195 2284 quo
1213 2198 1284 2263 tsn-

175 2296 226 2367 bn
247 2302 452 2371 mmmneudi
480 2302 610 2369 viuculo
638 2321 713 2369 cum
740 2300 868 2387 primae
896 2322 1056 2389 personse
1083 2302 1191 2369 serbis
1218 2300 1285 2369 illis
1335 2336 1346 2353 .

174 2404 237 2475 esim
252 2408 344 2479 buius
365 2410 403 2477 in
424 2431 489 2497 quo
511 2428 680 2475 marmur
702 2428 815 2475 sersus
838 2408 1001 2475 mutentia
1022 2408 1174 2495 potuerit.
1217 2408 1285 2477 Ite·

171 2532 215 2597 qus
237 2516 383 2602 quoniam
413 2514 657 2583 enuntiatorum
688 2513 768 2581 telis
799 2513 1031 2596 conformatio,
1066 2536 1151 2600 ques
1179 2516 1336 2585 ccccm

96 2652 98 2691 !
169 2620 345 2708 percipiam
371 2626 449 2706 apte
475 2619 678 2704 admitteret,
710 2620 841 2686 omniuo
868 2620 903 2685 in
931 2623 1086 2705 promptu
1111 2641 1178 2688 nou
1205 2626 1285 2705 erat,

168 2726 244 2793 setim
264 2729 338 2795 duxi
361 2749 400 2794 ex
423 2750 462 2793 ea
484 2729 646 2812 scriptura
668 2727 811 2812 efficere,
834 2726 920 2812 quod
943 2726 1041 2813 longe
1064 2727 1284 2793 commodissi-

164 2852 231 2899 mum
259 2837 454 2921 explicatum
487 2834 636 2917 haberet,
668 2835 776 2912 dieas,
808 2833 1001 2918 praesertim
1033 2855 1106 2898 cum
1136 2854 1284 2899 caussam

162 2943 255 3009 coris
284 2942 366 3007 satis
396 2945 544 3026 apertum
575 2942 693 3026 exiguo
725 2941 898 3006 intervallo
929 2940 1124 3025 praecedens
1151 2940 1286 3007 scriberes

157 3049 343 3135 participium
366 3053 551 3114 monstrare
575 3047 746 3113 videretur.
762 3085 804 3095 -
819 3048 942 3113 Verum
960 3047 1022 3113 hoc
1041 3047 1159 3113 levius:
1180 3047 1284 3112 multo

154 3156 281 3238 grsrimi
299 3155 472 3221 offensioni
491 3176 564 3221 cum
583 3154 693 3220 dativo
708 3159 930 3220 constructum
944 3155 1077 3221 cicuitum
1091 3154 1284 3221 vocabulum

150 3260 210 3327 nie
252 3259 322 3328 Nec
349 3262 439 3327 enim
467 3262 568 3327 alium
595 3262 659 3326 nisi
683 3263 868 3347 genetivum
892 3284 1002 3328 casum
1025 3261 1059 3326 in
1082 3261 1145 3328 hoc
1167 3282 1285 3346 genere

146 3369 338 3455 antiquiores
366 3369 537 3454 probasse,
568 3367 678 3433 dedita
706 3391 806 3452 opera
836 3369 913 3433 olim
937 3369 1157 3433 demonstravi
1180 3367 1284 3432 Musei

143 3474 241 3541 nostri
276 3474 470 3562 philologici
502 3473 564 3541 vol.
594 3492 645 3540 vn
672 3498 703 3559 p.
730 3476 797 3540 584
820 3497 888 3559 sqq.
916 3480 949 3539 et
975 3493 1038 3540 vm
1069 3497 1101 3558 p.
1131 3474 1192 3539 159
1215 3496 1284 3558 sqq.

141 3580 202 3647 Vbi
231 3582 400 3667 congestis
430 3602 448 3644 e
479 3578 596 3646 Pluuio
626 3585 660 3646 et
686 3580 837 3646 Terentio
868 3580 1024 3667 exemplis
1052 3580 1133 3646 adde
1161 3601 1178 3644 e
1205 3578 1283 3645 Rib-

140 3688 303 3754 beckisnis
327 3688 431 3772 copiis
448 3688 665 3771 parasitorum
682 3689 826 3754 similest
843 3688 960 3754 Naevii
980 3710 1008 3753 v.
1019 3688 1073 3772 60,
1089 3689 1182 3771 puros
1199 3688 1285 3753 simil

136 3816 167 3863 ra
185 3794 288 3863 Novii
312 3816 342 3860 v.
356 3796 409 3876 62,
430 3794 564 3877 melori
585 3794 699 3859 similis·
722 3793 851 3859 Laberii
874 3817 903 3859 v.
921 3796 991 3878 124,
1014 3796 1078 3860 euri
1099 3794 1201 3860 sisnilc
1224 3793 1284 3859 Ps-

137 3902 220 3969 cuvii
244 3901 362 3985 acu,
383 3900 464 3965 nilsil
485 3899 596 3966 boam
617 3902 748 3966 sieecilesi
769 3900 885 3993 tragici
908 3901 1023 3965 incerti
1047 3902 1160 3966 vebo.
1187 3900 1283 3966 Eam·

136 4032 196 4096 que
218 4006 431 4074 construendi
455 4007 560 4093 legem
585 4006 758 4073 Afranium
785 4030 912 4093 quoquc
935 4030 1082 4072 servasse
1105 4006 1284 4072 certissimo

134 4116 331 4183 documento
353 4118 447 4180 retus
471 4113 639 4180 Parisinus
663 4118 722 4198 est,
744 4114 777 4179 in
802 4137 865 4199 quo
889 4113 960 4199 ipse
984 4136 1080 4198 (luem
1102 4112 1284 4198 expetimus

134 4225 305 4311 genetivus
329 4225 438 4287 exstat
459 4224 598 4289 imcutit·
623 4222 725 4299 Quem
745 4221 897 4306 quonium
911 4221 1069 4286 Afranius
1087 4243 1153 4286 uon
1176 4219 1286 4305 potuit

133 4331 198 4396 nisi
221 4330 329 4395 tribus
351 4328 492 4413 syllabis
516 4329 643 4413 efferre,
671 4328 766 4393 unius
797 4350 879 4412 quae
907 4327 971 4393 ium
994 4328 1196 4394 desideratur
1218 4326 1284 4410 syl·

133 4437 228 4505 labae
250 4437 380 4503 iactura
403 4435 580 4501 curandum
603 4438 675 4500 erat
697 4438 733 4499 ut
755 4433 919 4518 probabili
942 4435 1129 4501 coniectura
1149 4432 1285 4497 resarci-
1396 4490 1399 4495 .
