<?xml version="1.0" encoding="UTF-8"?>
<!DOCTYPE html PUBLIC "-//W3C//DTD XHTML 1.0 Transitional//EN"
    "http://www.w3.org/TR/xhtml1/DTD/xhtml1-transitional.dtd">
<html xmlns="http://www.w3.org/1999/xhtml" xml:lang="en" lang="en">
 <head>
  <title>
</title>
<meta http-equiv="Content-Type" content="text/html;charset=utf-8" />
  <meta name='ocr-system' content='tesseract 3.04.00' />
  <meta name='ocr-capabilities' content='ocr_page ocr_carea ocr_par ocr_line ocrx_word'/>
</head>
<body>
  <div class='ocr_page' id='page_1' title='image "./fridericiritsch02ritsgoog_0422.png"; bbox 0 0 2932 5026; ppageno 0'>
   <div class='ocr_carea' id='block_1_1' title="bbox 168 308 897 373">
    <p class='ocr_par' dir='ltr' id='par_1_1' title="bbox 168 308 897 373">
     <span class='ocr_line' id='line_1_1' title="bbox 168 308 897 373; baseline -0.011 0"><span class='ocrx_word' id='word_1_1' title='bbox 168 308 234 373; x_wconf 82' lang='lat'><strong>390</strong></span> <span class='ocrx_word' id='word_1_2' title='bbox 591 319 638 366; x_wconf 83' lang='lat' dir='ltr'><strong>nu</strong></span> <span class='ocrx_word' id='word_1_3' title='bbox 661 319 696 367; x_wconf 85' lang='lat' dir='ltr'><strong>u.</strong></span> <span class='ocrx_word' id='word_1_4' title='bbox 720 317 897 365; x_wconf 74' lang='lat' dir='ltr'><strong>vnanours</strong></span> 
     </span>
    </p>
   </div>
   <div class='ocr_carea' id='block_1_2' title="bbox 82 458 1233 2470">
    <p class='ocr_par' dir='ltr' id='par_1_2' title="bbox 82 458 1233 2248">
     <span class='ocr_line' id='line_1_2' title="bbox 167 458 1223 548; baseline -0.006 -17"><span class='ocrx_word' id='word_1_5' title='bbox 167 467 301 531; x_wconf 87' lang='lat' dir='ltr'><strong>litaturo</strong></span> <span class='ocrx_word' id='word_1_6' title='bbox 331 464 497 548; x_wconf 82' lang='lat' dir='ltr'><strong>scripsisse</strong></span> <span class='ocrx_word' id='word_1_7' title='bbox 520 467 604 527; x_wconf 90' lang='lat' dir='ltr'><strong>teste</strong></span> <span class='ocrx_word' id='word_1_8' title='bbox 627 460 799 526; x_wconf 90' lang='lat' dir='ltr'><strong>Itinererio</strong></span> <span class='ocrx_word' id='word_1_9' title='bbox 823 461 915 525; x_wconf 82' lang='lat' dir='ltr'><strong>Alex.</strong></span> <span class='ocrx_word' id='word_1_10' title='bbox 938 458 982 524; x_wconf 88' lang='lat' dir='ltr'><strong>M.</strong></span> <span class='ocrx_word' id='word_1_11' title='bbox 1005 482 1030 524; x_wconf 98' lang='lat' dir='ltr'><strong>c.</strong></span> <span class='ocrx_word' id='word_1_12' title='bbox 1055 459 1084 525; x_wconf 88' lang='grc'><strong>6.</strong></span> <span class='ocrx_word' id='word_1_13' title='bbox 1131 460 1223 536; x_wconf 84' lang='lat' dir='ltr'><strong>Quae</strong></span> 
     </span>
     <span class='ocr_line' id='line_1_3' title="bbox 166 568 1233 655; baseline -0.003 -18"><span class='ocrx_word' id='word_1_14' title='bbox 166 574 214 643; x_wconf 84' lang='lat' dir='ltr'><strong>ita</strong></span> <span class='ocrx_word' id='word_1_15' title='bbox 237 577 356 655; x_wconf 79' lang='lat' dir='ltr'><strong>essent,</strong></span> <span class='ocrx_word' id='word_1_16' title='bbox 379 572 504 636; x_wconf 88' lang='lat' dir='ltr'><strong>nescire</strong></span> <span class='ocrx_word' id='word_1_17' title='bbox 528 593 563 635; x_wconf 89' lang='lat' dir='ltr'><strong>se</strong></span> <span class='ocrx_word' id='word_1_18' title='bbox 586 570 694 635; x_wconf 85' lang='lat' dir='ltr'><strong>fassus</strong></span> <span class='ocrx_word' id='word_1_19' title='bbox 713 574 764 633; x_wconf 89' lang='lat' dir='ltr'><strong>eet</strong></span> <span class='ocrx_word' id='word_1_20' title='bbox 778 568 969 633; x_wconf 88' lang='lat' dir='ltr'><strong>Krahnerus</strong></span> <span class='ocrx_word' id='word_1_21' title='bbox 988 591 1019 652; x_wconf 90' lang='lat' dir='ltr'><strong>p.</strong></span> <span class='ocrx_word' id='word_1_22' title='bbox 1034 569 1087 650; x_wconf 79' lang='lat'><strong>23,</strong></span> <span class='ocrx_word' id='word_1_23' title='bbox 1109 568 1166 632; x_wconf 89' lang='lat' dir='ltr'><strong>ubi</strong></span> <span class='ocrx_word' id='word_1_24' title='bbox 1186 573 1233 634; x_wconf 85' lang='lat' dir='ltr'><strong>tar</strong></span> 
     </span>
     <span class='ocr_line' id='line_1_4' title="bbox 169 676 1215 764; baseline -0.005 -20"><span class='ocrx_word' id='word_1_25' title='bbox 169 680 278 764; x_wconf 89' lang='lat' dir='ltr'><strong>posita</strong></span> <span class='ocrx_word' id='word_1_26' title='bbox 300 678 439 742; x_wconf 85' lang='lat' dir='ltr'><strong>fuissent</strong></span> <span class='ocrx_word' id='word_1_27' title='bbox 460 677 645 762; x_wconf 89' lang='lat' dir='ltr'><strong>fragmenta</strong></span> <span class='ocrx_word' id='word_1_28' title='bbox 669 699 689 741; x_wconf 88' lang='lat' dir='ltr'><strong>a</strong></span> <span class='ocrx_word' id='word_1_29' title='bbox 711 676 818 740; x_wconf 89' lang='lat' dir='ltr'>Plinio</span> <span class='ocrx_word' id='word_1_30' title='bbox 843 676 1049 759; x_wconf 89' lang='lat' dir='ltr'><strong>potissimum</strong></span> <span class='ocrx_word' id='word_1_31' title='bbox 1073 679 1215 760; x_wconf 85' lang='lat' dir='ltr'><strong>servata,</strong></span> 
     </span>
     <span class='ocr_line' id='line_1_5' title="bbox 169 781 1233 868; baseline -0.004 -17"><span class='ocrx_word' id='word_1_32' title='bbox 169 786 209 852; x_wconf 89' lang='lat' dir='ltr'><strong>ad</strong></span> <span class='ocrx_word' id='word_1_33' title='bbox 234 789 439 850; x_wconf 81' lang='lat' dir='ltr'><strong>externarum</strong></span> <span class='ocrx_word' id='word_1_34' title='bbox 464 784 602 867; x_wconf 89' lang='lat' dir='ltr'><strong>urbium,</strong></span> <span class='ocrx_word' id='word_1_35' title='bbox 626 782 782 868; x_wconf 90' lang='lat' dir='ltr'><strong>gentium,</strong></span> <span class='ocrx_word' id='word_1_36' title='bbox 805 782 987 867; x_wconf 90' lang='lat' dir='ltr'><strong>regionum,</strong></span> <span class='ocrx_word' id='word_1_37' title='bbox 1011 781 1136 847; x_wconf 84' lang='lat' dir='ltr'><strong>viarum</strong></span> <span class='ocrx_word' id='word_1_38' title='bbox 1162 802 1233 867; x_wconf 87' lang='lat' dir='ltr'><strong>oogr</strong></span> 
     </span>
     <span class='ocr_line' id='line_1_6' title="bbox 82 889 1233 976; baseline -0.003 -18"><span class='ocrx_word' id='word_1_39' title='bbox 82 895 85 902; x_wconf 90' lang='grc'><strong>’</strong></span> <span class='ocrx_word' id='word_1_40' title='bbox 167 915 242 957; x_wconf 92' lang='lat' dir='ltr'><strong>nem</strong></span> <span class='ocrx_word' id='word_1_41' title='bbox 273 892 484 976; x_wconf 74' lang='lat' dir='ltr'><strong>pertinerent.</strong></span> <span class='ocrx_word' id='word_1_42' title='bbox 530 890 589 955; x_wconf 81' lang='lat' dir='ltr'><strong>Eis</strong></span> <span class='ocrx_word' id='word_1_43' title='bbox 619 911 704 954; x_wconf 90' lang='lat' dir='ltr'><strong>nune</strong></span> <span class='ocrx_word' id='word_1_44' title='bbox 736 889 825 953; x_wconf 87' lang='lat' dir='ltr'><strong>loeus</strong></span> <span class='ocrx_word' id='word_1_45' title='bbox 854 890 1005 954; x_wconf 85' lang='lat' dir='ltr'><strong>inventus</strong></span> <span class='ocrx_word' id='word_1_46' title='bbox 1034 892 1084 954; x_wconf 88' lang='lat' dir='ltr'><strong>est</strong></span> <span class='ocrx_word' id='word_1_47' title='bbox 1106 889 1142 953; x_wconf 90' lang='lat' dir='ltr'><strong>in</strong></span> <span class='ocrx_word' id='word_1_48' title='bbox 1162 908 1233 972; x_wconf 80' lang='lat' dir='ltr'><strong>ger</strong></span> 
     </span>
     <span class='ocr_line' id='line_1_7' title="bbox 167 988 1233 1082; baseline -0.004 -18"><span class='ocrx_word' id='word_1_49' title='bbox 167 988 256 1064; x_wconf 88' lang='lat' dir='ltr'><strong>tria.</strong></span> <span class='ocrx_word' id='word_1_50' title='bbox 307 997 401 1063; x_wconf 89' lang='lat' dir='ltr'><strong>Vnde</strong></span> <span class='ocrx_word' id='word_1_51' title='bbox 430 998 571 1082; x_wconf 92' lang='lat' dir='ltr'><strong>primum</strong></span> <span class='ocrx_word' id='word_1_52' title='bbox 602 1017 667 1060; x_wconf 93' lang='lat' dir='ltr'><strong>non</strong></span> <span class='ocrx_word' id='word_1_53' title='bbox 700 994 885 1060; x_wconf 89' lang='lat' dir='ltr'><strong>dubitamus</strong></span> <span class='ocrx_word' id='word_1_54' title='bbox 914 994 1100 1060; x_wconf 88' lang='lat' dir='ltr'><strong>Gellianam</strong></span> <span class='ocrx_word' id='word_1_55' title='bbox 1128 1017 1233 1060; x_wconf 88' lang='lat' dir='ltr'><strong>meme</strong></span> 
     </span>
     <span class='ocr_line' id='line_1_8' title="bbox 168 1103 1233 1190; baseline -0.003 -21"><span class='ocrx_word' id='word_1_56' title='bbox 168 1111 312 1190; x_wconf 86' lang='lat' dir='ltr'><strong>repetere</strong></span> <span class='ocrx_word' id='word_1_57' title='bbox 336 1106 375 1189; x_wconf 88' lang='lat' dir='ltr'><strong>X,</strong></span> <span class='ocrx_word' id='word_1_58' title='bbox 400 1107 432 1170; x_wconf 81' lang='lat'><strong>7:</strong></span> <span class='ocrx_word' id='word_1_59' title='bbox 462 1105 562 1170; x_wconf 86' lang='lat' dir='ltr'><strong>Varro</strong></span> <span class='ocrx_word' id='word_1_60' title='bbox 585 1108 687 1168; x_wconf 59' lang='lat' dir='ltr'><strong>arram</strong></span> <span class='ocrx_word' id='word_1_61' title='bbox 710 1123 780 1167; x_wconf 83' lang='lat' dir='ltr'><strong>oum</strong></span> <span class='ocrx_word' id='word_1_62' title='bbox 802 1105 838 1167; x_wconf 79' lang='lat' dir='ltr'><strong>de</strong></span> <span class='ocrx_word' id='word_1_63' title='bbox 855 1108 947 1186; x_wconf 72' lang='lat' dir='ltr'><strong>parte</strong></span> <span class='ocrx_word' id='word_1_64' title='bbox 969 1103 1065 1187; x_wconf 74' lang='lat' dir='ltr'><strong>erhts,</strong></span> <span class='ocrx_word' id='word_1_65' title='bbox 1087 1124 1167 1185; x_wconf 72' lang='lat' dir='ltr'><strong>errae</strong></span> <span class='ocrx_word' id='word_1_66' title='bbox 1189 1103 1233 1167; x_wconf 79' lang='lat' dir='ltr'><strong>Er</strong></span> 
     </span>
     <span class='ocr_line' id='line_1_9' title="bbox 168 1210 1216 1296; baseline -0.004 -18"><span class='ocrx_word' id='word_1_67' title='bbox 168 1216 294 1296; x_wconf 75' lang='lat' dir='ltr'><strong>dicitur,</strong></span> <span class='ocrx_word' id='word_1_68' title='bbox 316 1214 546 1295; x_wconf 61' lang='lat' dir='ltr'><strong>desereretis</strong></span> <span class='ocrx_word' id='word_1_69' title='bbox 568 1212 666 1276; x_wconf 75' lang='lat' dir='ltr'><strong>tritus</strong></span> <span class='ocrx_word' id='word_1_70' title='bbox 684 1210 800 1292; x_wconf 76' lang='lat' dir='ltr'><strong>prioris</strong></span> <span class='ocrx_word' id='word_1_71' title='bbox 822 1211 888 1274; x_wconf 79' lang='lat' dir='ltr'><strong>cius</strong></span> <span class='ocrx_word' id='word_1_72' title='bbox 911 1215 1011 1275; x_wconf 72' lang='lat' dir='ltr'><strong>terrac</strong></span> <span class='ocrx_word' id='word_1_73' title='bbox 1031 1210 1216 1291; x_wconf 72' lang='lat' dir='ltr'><strong>flanrim&#39;bas</strong></span> 
     </span>
     <span class='ocr_line' id='line_1_10' title="bbox 168 1317 1233 1401; baseline -0.005 -16"><span class='ocrx_word' id='word_1_74' title='bbox 168 1322 286 1385; x_wconf 62' lang='lat' dir='ltr'><strong>Meum</strong></span> <span class='ocrx_word' id='word_1_75' title='bbox 313 1339 375 1384; x_wconf 84' lang='lat' dir='ltr'><strong>esse</strong></span> <span class='ocrx_word' id='word_1_76' title='bbox 391 1321 490 1401; x_wconf 79' lang='lat' dir='ltr'><strong>percit.</strong></span> <span class='ocrx_word' id='word_1_77' title='bbox 537 1317 607 1394; x_wconf 81' lang='lat' dir='ltr'><strong>Quo</strong></span> <span class='ocrx_word' id='word_1_78' title='bbox 630 1321 739 1381; x_wconf 88' lang='lat' dir='ltr'><strong>tamen</strong></span> <span class='ocrx_word' id='word_1_79' title='bbox 762 1317 895 1381; x_wconf 91' lang='lat' dir='ltr'><strong>minime</strong></span> <span class='ocrx_word' id='word_1_80' title='bbox 919 1318 1083 1401; x_wconf 88' lang='lat' dir='ltr'><strong>pertinent</strong></span> <span class='ocrx_word' id='word_1_81' title='bbox 1110 1318 1233 1382; x_wconf 84' lang='lat' dir='ltr'><strong>Varron</strong></span> 
     </span>
     <span class='ocr_line' id='line_1_11' title="bbox 168 1423 1220 1509; baseline -0.002 -18"><span class='ocrx_word' id='word_1_82' title='bbox 168 1427 300 1509; x_wconf 80' lang='lat' dir='ltr'><strong>Europa</strong></span> <span class='ocrx_word' id='word_1_83' title='bbox 328 1426 427 1489; x_wconf 88' lang='lat' dir='ltr'><strong>verba</strong></span> <span class='ocrx_word' id='word_1_84' title='bbox 454 1447 474 1488; x_wconf 86' lang='lat' dir='ltr'><strong>a</strong></span> <span class='ocrx_word' id='word_1_85' title='bbox 496 1423 592 1489; x_wconf 82' lang='lat' dir='ltr'><strong>Festo</strong></span> <span class='ocrx_word' id='word_1_86' title='bbox 616 1447 646 1508; x_wconf 93' lang='lat' dir='ltr'><strong>p.</strong></span> <span class='ocrx_word' id='word_1_87' title='bbox 670 1424 733 1488; x_wconf 82' lang='lat'><strong>381</strong></span> <span class='ocrx_word' id='word_1_88' title='bbox 759 1423 801 1488; x_wconf 89' lang='grc' dir='ltr'><strong>Μ.</strong></span> <span class='ocrx_word' id='word_1_89' title='bbox 826 1424 928 1489; x_wconf 90' lang='lat' dir='ltr'><strong>allata</strong></span> <span class='ocrx_word' id='word_1_90' title='bbox 951 1430 1051 1490; x_wconf 76' lang='lat' dir='ltr'><strong>helam</strong></span> <span class='ocrx_word' id='word_1_91' title='bbox 1073 1425 1129 1490; x_wconf 80' lang='lat' dir='ltr'><strong>sud</strong></span> <span class='ocrx_word' id='word_1_92' title='bbox 1152 1426 1220 1489; x_wconf 84' lang='lat' dir='ltr'><strong>sede</strong></span> 
     </span>
     <span class='ocr_line' id='line_1_12' title="bbox 169 1529 1233 1617; baseline -0.003 -19"><span class='ocrx_word' id='word_1_93' title='bbox 169 1538 243 1615; x_wconf 82' lang='lat' dir='ltr'><strong>sent,</strong></span> <span class='ocrx_word' id='word_1_94' title='bbox 271 1554 354 1617; x_wconf 88' lang='lat' dir='ltr'><strong>quae</strong></span> <span class='ocrx_word' id='word_1_95' title='bbox 382 1535 527 1596; x_wconf 85' lang='lat' dir='ltr'><strong>extrema</strong></span> <span class='ocrx_word' id='word_1_96' title='bbox 551 1534 626 1596; x_wconf 89' lang='lat' dir='ltr'><strong>eunt</strong></span> <span class='ocrx_word' id='word_1_97' title='bbox 648 1531 837 1613; x_wconf 82' lang='lat' dir='ltr'><strong>hexametri,</strong></span> <span class='ocrx_word' id='word_1_98' title='bbox 860 1532 966 1615; x_wconf 89' lang='lat' dir='ltr'><strong>petita</strong></span> <span class='ocrx_word' id='word_1_99' title='bbox 989 1535 1097 1596; x_wconf 90' lang='lat' dir='ltr'><strong>autem</strong></span> <span class='ocrx_word' id='word_1_100' title='bbox 1122 1554 1140 1594; x_wconf 89' lang='lat' dir='ltr'><strong>e</strong></span> <span class='ocrx_word' id='word_1_101' title='bbox 1164 1529 1200 1595; x_wconf 91' lang='lat' dir='ltr'><strong>P.</strong></span> <span class='ocrx_word' id='word_1_102' title='bbox 1224 1530 1233 1565; x_wconf 65' lang='lat' dir='ltr'><strong>l</strong></span> 
     </span>
     <span class='ocr_line' id='line_1_13' title="bbox 170 1635 1213 1722; baseline -0.002 -20"><span class='ocrx_word' id='word_1_103' title='bbox 170 1639 276 1704; x_wconf 90' lang='lat' dir='ltr'><strong>ronis</strong></span> <span class='ocrx_word' id='word_1_104' title='bbox 304 1639 460 1704; x_wconf 79' lang='lat' dir='ltr'><strong>Atacini</strong></span> <span class='ocrx_word' id='word_1_105' title='bbox 494 1636 740 1722; x_wconf 80' lang='lat' dir='ltr'><strong>Chorographia</strong></span> <span class='ocrx_word' id='word_1_106' title='bbox 772 1639 839 1702; x_wconf 88' lang='lat' dir='ltr'><strong>sive</strong></span> <span class='ocrx_word' id='word_1_107' title='bbox 873 1635 1143 1722; x_wconf 80' lang='lat' dir='ltr'><strong>Gosmographia,</strong></span> <span class='ocrx_word' id='word_1_108' title='bbox 1176 1639 1213 1700; x_wconf 91' lang='lat' dir='ltr'><strong>ut</strong></span> 
     </span>
     <span class='ocr_line' id='line_1_14' title="bbox 170 1743 1233 1828; baseline -0.001 -19"><span class='ocrx_word' id='word_1_109' title='bbox 170 1745 398 1810; x_wconf 85' lang='lat' dir='ltr'><strong>Ruhnkenium</strong></span> <span class='ocrx_word' id='word_1_110' title='bbox 435 1744 541 1828; x_wconf 86' lang='lat' dir='ltr'><strong>Epist.</strong></span> <span class='ocrx_word' id='word_1_111' title='bbox 578 1744 647 1808; x_wconf 91' lang='lat' dir='ltr'><strong>crit.</strong></span> <span class='ocrx_word' id='word_1_112' title='bbox 679 1743 710 1807; x_wconf 91' lang='lat' dir='ltr'><strong>II</strong></span> <span class='ocrx_word' id='word_1_113' title='bbox 743 1767 774 1828; x_wconf 92' lang='lat' dir='ltr'><strong>p.</strong></span> <span class='ocrx_word' id='word_1_114' title='bbox 807 1745 873 1808; x_wconf 76' lang='lat'><strong>200</strong></span> <span class='ocrx_word' id='word_1_115' title='bbox 912 1745 1078 1827; x_wconf 88' lang='lat' dir='ltr'><strong>perspexit</strong></span> <span class='ocrx_word' id='word_1_116' title='bbox 1110 1743 1233 1808; x_wconf 88' lang='lat' dir='ltr'><strong>Wuellr</strong></span> 
     </span>
     <span class='ocr_line' id='line_1_15' title="bbox 106 1848 1233 1938; baseline -0.001 -21"><span class='ocrx_word' id='word_1_117' title='bbox 106 1876 109 1880; x_wconf 68' lang='grc'>’</span> <span class='ocrx_word' id='word_1_118' title='bbox 170 1877 201 1938; x_wconf 92' lang='lat' dir='ltr'><strong>p.</strong></span> <span class='ocrx_word' id='word_1_119' title='bbox 220 1854 272 1917; x_wconf 77' lang='lat'><strong>23.</strong></span> <span class='ocrx_word' id='word_1_120' title='bbox 310 1848 359 1914; x_wconf 80' lang='lat' dir='ltr'><strong>Of.</strong></span> <span class='ocrx_word' id='word_1_121' title='bbox 382 1849 549 1915; x_wconf 86' lang='lat' dir='ltr'><strong>Hertzium</strong></span> <span class='ocrx_word' id='word_1_122' title='bbox 573 1849 612 1913; x_wconf 91' lang='lat' dir='ltr'><strong>de</strong></span> <span class='ocrx_word' id='word_1_123' title='bbox 635 1849 756 1914; x_wconf 83' lang='lat' dir='ltr'><strong>Oinoiie</strong></span> <span class='ocrx_word' id='word_1_124' title='bbox 780 1873 810 1934; x_wconf 93' lang='lat' dir='ltr'><strong>p.</strong></span> <span class='ocrx_word' id='word_1_125' title='bbox 830 1851 881 1915; x_wconf 78' lang='lat'><strong>37.</strong></span> <span class='ocrx_word' id='word_1_126' title='bbox 919 1850 1132 1916; x_wconf 84' lang='lat' dir='ltr'><strong>Memorabile</strong></span> <span class='ocrx_word' id='word_1_127' title='bbox 1156 1856 1233 1916; x_wconf 64' lang='lat' dir='ltr'><strong>ests</strong></span> 
     </span>
     <span class='ocr_line' id='line_1_16' title="bbox 171 1956 1233 2042; baseline -0.002 -19"><span class='ocrx_word' id='word_1_128' title='bbox 171 1959 289 2042; x_wconf 88' lang='lat' dir='ltr'><strong>triplici</strong></span> <span class='ocrx_word' id='word_1_129' title='bbox 324 1958 469 2040; x_wconf 85' lang='lat' dir='ltr'><strong>exemplo</strong></span> <span class='ocrx_word' id='word_1_130' title='bbox 498 1957 629 2021; x_wconf 83' lang='lat' dir='ltr'><strong>Reatini</strong></span> <span class='ocrx_word' id='word_1_131' title='bbox 662 1956 880 2022; x_wconf 89' lang='lat' dir='ltr'><strong>imitationem</strong></span> <span class='ocrx_word' id='word_1_132' title='bbox 911 1980 1067 2041; x_wconf 89' lang='lat' dir='ltr'><strong>apparere</strong></span> <span class='ocrx_word' id='word_1_133' title='bbox 1099 1958 1133 2022; x_wconf 92' lang='lat' dir='ltr'><strong>in</strong></span> <span class='ocrx_word' id='word_1_134' title='bbox 1165 1957 1233 2022; x_wconf 80' lang='lat' dir='ltr'><strong>Ata</strong></span> 
     </span>
     <span class='ocr_line' id='line_1_17' title="bbox 172 2062 1223 2150; baseline -0.003 -18"><span class='ocrx_word' id='word_1_135' title='bbox 172 2063 461 2150; x_wconf 80' lang='lat' dir='ltr'><strong>Cosmographiae,</strong></span> <span class='ocrx_word' id='word_1_136' title='bbox 491 2062 741 2147; x_wconf 82' lang='lat' dir='ltr'><strong>Ephemeridos,</strong></span> <span class='ocrx_word' id='word_1_137' title='bbox 764 2063 802 2128; x_wconf 92' lang='lat' dir='ltr'><strong>de</strong></span> <span class='ocrx_word' id='word_1_138' title='bbox 826 2086 890 2148; x_wconf 90' lang='lat' dir='ltr'><strong>qua</strong></span> <span class='ocrx_word' id='word_1_139' title='bbox 913 2063 995 2128; x_wconf 85' lang='lat' dir='ltr'><strong>dixit</strong></span> <span class='ocrx_word' id='word_1_140' title='bbox 1017 2063 1179 2150; x_wconf 85' lang='lat' dir='ltr'><strong>Bergkius</strong></span> <span class='ocrx_word' id='word_1_141' title='bbox 1203 2065 1223 2129; x_wconf 94' lang='lat' dir='ltr'><strong>l.</strong></span> 
     </span>
     <span class='ocr_line' id='line_1_18' title="bbox 172 2169 1233 2248; baseline -0.001 -11"><span class='ocrx_word' id='word_1_142' title='bbox 172 2178 205 2236; x_wconf 90' lang='lat' dir='ltr'><strong>et</strong></span> <span class='ocrx_word' id='word_1_143' title='bbox 229 2172 422 2248; x_wconf 82' lang='lat' dir='ltr'><strong>Satirarum,</strong></span> <span class='ocrx_word' id='word_1_144' title='bbox 450 2170 479 2233; x_wconf 89' lang='lat' dir='ltr'><strong>si</strong></span> <span class='ocrx_word' id='word_1_145' title='bbox 507 2170 603 2235; x_wconf 91' lang='lat' dir='ltr'><strong>modo</strong></span> <span class='ocrx_word' id='word_1_146' title='bbox 634 2169 712 2234; x_wconf 89' lang='lat' dir='ltr'><strong>fides</strong></span> <span class='ocrx_word' id='word_1_147' title='bbox 738 2169 917 2236; x_wconf 89' lang='lat' dir='ltr'><strong>Horatiano</strong></span> <span class='ocrx_word' id='word_1_148' title='bbox 942 2170 1139 2237; x_wconf 84' lang='lat' dir='ltr'><strong>scholiastae</strong></span> <span class='ocrx_word' id='word_1_149' title='bbox 1163 2169 1233 2236; x_wconf 71' lang='lat' dir='ltr'><strong>ins</strong></span> 
     </span>
    </p>

    <p class='ocr_par' dir='ltr' id='par_1_3' title="bbox 172 2279 1223 2470">
     <span class='ocr_line' id='line_1_19' title="bbox 172 2279 348 2363; baseline -0.006 -20"><span class='ocrx_word' id='word_1_150' title='bbox 172 2280 198 2362; x_wconf 92' lang='lat' dir='ltr'><strong>I,</strong></span> <span class='ocrx_word' id='word_1_151' title='bbox 223 2280 273 2363; x_wconf 87' lang='lat'><strong>10,</strong></span> <span class='ocrx_word' id='word_1_152' title='bbox 295 2279 348 2343; x_wconf 82' lang='lat'><strong>46.</strong></span> 
     </span>
     <span class='ocr_line' id='line_1_20' title="bbox 262 2383 1223 2470; baseline -0.001 -20"><span class='ocrx_word' id='word_1_153' title='bbox 262 2387 292 2450; x_wconf 88' lang='lat'><strong>2.</strong></span> <span class='ocrx_word' id='word_1_154' title='bbox 338 2383 492 2449; x_wconf 88' lang='lat' dir='ltr'><strong>Omnium</strong></span> <span class='ocrx_word' id='word_1_155' title='bbox 517 2389 626 2448; x_wconf 91' lang='lat' dir='ltr'><strong>autem</strong></span> <span class='ocrx_word' id='word_1_156' title='bbox 649 2384 789 2448; x_wconf 87' lang='lat' dir='ltr'><strong>maxime</strong></span> <span class='ocrx_word' id='word_1_157' title='bbox 814 2383 972 2450; x_wconf 88' lang='lat' dir='ltr'><strong>Varronis</strong></span> <span class='ocrx_word' id='word_1_158' title='bbox 996 2385 1223 2470; x_wconf 80' lang='lat' dir='ltr'><strong>geographicis</strong></span> 
     </span>
    </p>
   </div>
   <div class='ocr_carea' id='block_1_3' title="bbox 173 2490 1233 3003">
    <p class='ocr_par' dir='ltr' id='par_1_4' title="bbox 173 2490 1233 3003">
     <span class='ocr_line' id='line_1_21' title="bbox 173 2490 1233 2577; baseline -0.001 -21"><span class='ocrx_word' id='word_1_159' title='bbox 173 2494 259 2557; x_wconf 90' lang='lat' dir='ltr'><strong>nius</strong></span> <span class='ocrx_word' id='word_1_160' title='bbox 284 2514 360 2555; x_wconf 88' lang='lat' dir='ltr'><strong>usus</strong></span> <span class='ocrx_word' id='word_1_161' title='bbox 383 2492 490 2555; x_wconf 89' lang='lat' dir='ltr'><strong>estin</strong></span> <span class='ocrx_word' id='word_1_162' title='bbox 513 2490 665 2556; x_wconf 88' lang='lat' dir='ltr'><strong>Naturali</strong></span> <span class='ocrx_word' id='word_1_163' title='bbox 688 2491 840 2574; x_wconf 89' lang='lat' dir='ltr'><strong>historia,</strong></span> <span class='ocrx_word' id='word_1_164' title='bbox 869 2491 909 2555; x_wconf 85' lang='lat' dir='ltr'><strong>iis</strong></span> <span class='ocrx_word' id='word_1_165' title='bbox 934 2492 1063 2576; x_wconf 91' lang='lat' dir='ltr'><strong>quidem</strong></span> <span class='ocrx_word' id='word_1_166' title='bbox 1087 2492 1182 2557; x_wconf 84' lang='lat' dir='ltr'><strong>libris</strong></span> <span class='ocrx_word' id='word_1_167' title='bbox 1205 2514 1233 2577; x_wconf 84' lang='lat' dir='ltr'><strong>qr</strong></span> 
     </span>
     <span class='ocr_line' id='line_1_22' title="bbox 174 2599 1233 2682; baseline -0.002 -18"><span class='ocrx_word' id='word_1_168' title='bbox 174 2599 332 2664; x_wconf 81' lang='lat' dir='ltr'><strong>contineri</strong></span> <span class='ocrx_word' id='word_1_169' title='bbox 365 2599 468 2663; x_wconf 83' lang='lat' dir='ltr'><strong>voluit</strong></span> <span class='ocrx_word' id='word_1_170' title='bbox 494 2600 586 2680; x_wconf 77' lang='lat' dir='ltr'><strong>situs,</strong></span> <span class='ocrx_word' id='word_1_171' title='bbox 612 2604 727 2682; x_wconf 71' lang='lat' dir='ltr'><strong>pentes,</strong></span> <span class='ocrx_word' id='word_1_172' title='bbox 755 2600 874 2676; x_wconf 72' lang='lat' dir='ltr'><strong>laureo,</strong></span> <span class='ocrx_word' id='word_1_173' title='bbox 904 2599 1030 2682; x_wconf 67' lang='lat' dir='ltr'><strong>oppilla,</strong></span> <span class='ocrx_word' id='word_1_174' title='bbox 1051 2604 1176 2681; x_wconf 79' lang='lat' dir='ltr'><strong>portus,</strong></span> <span class='ocrx_word' id='word_1_175' title='bbox 1199 2621 1233 2662; x_wconf 78' lang='lat' dir='ltr'><strong>rra</strong></span> 
     </span>
     <span class='ocr_line' id='line_1_23' title="bbox 173 2705 1233 2788; baseline -0.001 -19"><span class='ocrx_word' id='word_1_176' title='bbox 173 2707 316 2788; x_wconf 71' lang='lat' dir='ltr'><strong>tlrcnrr&#39;na,</strong></span> <span class='ocrx_word' id='word_1_177' title='bbox 338 2727 508 2782; x_wconf 69' lang='lat' dir='ltr'><strong>recrearas,</strong></span> <span class='ocrx_word' id='word_1_178' title='bbox 526 2706 657 2787; x_wconf 78' lang='lat' dir='ltr'><strong>populos</strong></span> <span class='ocrx_word' id='word_1_179' title='bbox 679 2706 733 2786; x_wconf 75' lang='lat' dir='ltr'><strong>qai</strong></span> <span class='ocrx_word' id='word_1_180' title='bbox 755 2711 828 2769; x_wconf 80' lang='lat' dir='ltr'><strong>sarr-t</strong></span> <span class='ocrx_word' id='word_1_181' title='bbox 850 2711 906 2769; x_wconf 84' lang='lat' dir='ltr'><strong>aut</strong></span> <span class='ocrx_word' id='word_1_182' title='bbox 926 2707 1062 2786; x_wconf 67' lang='lat' dir='ltr'><strong>saorra,</strong></span> <span class='ocrx_word' id='word_1_183' title='bbox 1086 2705 1117 2768; x_wconf 94' lang='lat' dir='ltr'><strong>h.</strong></span> <span class='ocrx_word' id='word_1_184' title='bbox 1137 2727 1163 2770; x_wconf 92' lang='lat' dir='ltr'><strong>e.</strong></span> <span class='ocrx_word' id='word_1_185' title='bbox 1187 2709 1233 2770; x_wconf 88' lang='lat' dir='ltr'><strong>al</strong></span> 
     </span>
     <span class='ocr_line' id='line_1_24' title="bbox 175 2810 1233 2896; baseline -0.004 -19"><span class='ocrx_word' id='word_1_186' title='bbox 175 2813 214 2877; x_wconf 89' lang='lat' dir='ltr'><strong>ad</strong></span> <span class='ocrx_word' id='word_1_187' title='bbox 243 2815 377 2876; x_wconf 84' lang='lat' dir='ltr'><strong>sextum.</strong></span> <span class='ocrx_word' id='word_1_188' title='bbox 422 2810 544 2876; x_wconf 82' lang='lat' dir='ltr'><strong>Eorum</strong></span> <span class='ocrx_word' id='word_1_189' title='bbox 574 2810 676 2896; x_wconf 86' lang='lat' dir='ltr'><strong>igitur</strong></span> <span class='ocrx_word' id='word_1_190' title='bbox 699 2811 845 2876; x_wconf 88' lang='lat' dir='ltr'><strong>ordinem</strong></span> <span class='ocrx_word' id='word_1_191' title='bbox 870 2812 1027 2877; x_wconf 88' lang='lat' dir='ltr'><strong>librorum</strong></span> <span class='ocrx_word' id='word_1_192' title='bbox 1051 2813 1084 2875; x_wconf 92' lang='lat' dir='ltr'><strong>in</strong></span> <span class='ocrx_word' id='word_1_193' title='bbox 1111 2834 1233 2894; x_wconf 64' lang='lat' dir='ltr'><strong>excerp&lt;</strong></span> 
     </span>
     <span class='ocr_line' id='line_1_25' title="bbox 176 2918 1233 3003; baseline 0 -19"><span class='ocrx_word' id='word_1_194' title='bbox 176 2919 389 2984; x_wconf 88' lang='lat' dir='ltr'><strong>Varronianis</strong></span> <span class='ocrx_word' id='word_1_195' title='bbox 413 2918 609 2982; x_wconf 84' lang='lat' dir='ltr'><strong>testimoniis</strong></span> <span class='ocrx_word' id='word_1_196' title='bbox 632 2940 693 2981; x_wconf 89' lang='lat' dir='ltr'><strong>nos</strong></span> <span class='ocrx_word' id='word_1_197' title='bbox 715 2940 840 3002; x_wconf 91' lang='lat' dir='ltr'><strong>quoque</strong></span> <span class='ocrx_word' id='word_1_198' title='bbox 860 2919 1035 3003; x_wconf 89' lang='lat' dir='ltr'><strong>sequimur,</strong></span> <span class='ocrx_word' id='word_1_199' title='bbox 1059 2918 1233 3003; x_wconf 76' lang='lat' dir='ltr'><strong>ascriptis]</strong></span> 
     </span>
    </p>
   </div>
   <div class='ocr_carea' id='block_1_4' title="bbox 136 3025 1233 4500">
    <p class='ocr_par' dir='ltr' id='par_1_5' title="bbox 136 3025 1233 4500">
     <span class='ocr_line' id='line_1_26' title="bbox 176 3025 1233 3112; baseline 0 -23"><span class='ocrx_word' id='word_1_200' title='bbox 176 3032 225 3089; x_wconf 87' lang='lat' dir='ltr'><strong>ter</strong></span> <span class='ocrx_word' id='word_1_201' title='bbox 262 3025 418 3088; x_wconf 90' lang='lat' dir='ltr'><strong>librorum</strong></span> <span class='ocrx_word' id='word_1_202' title='bbox 455 3025 662 3109; x_wconf 87' lang='lat' dir='ltr'><strong>capitumque</strong></span> <span class='ocrx_word' id='word_1_203' title='bbox 699 3049 849 3091; x_wconf 87' lang='lat' dir='ltr'><strong>numeros</strong></span> <span class='ocrx_word' id='word_1_204' title='bbox 885 3028 1100 3112; x_wconf 80' lang='lat' dir='ltr'><strong>paragraphis</strong></span> <span class='ocrx_word' id='word_1_205' title='bbox 1134 3026 1233 3110; x_wconf 76' lang='lat' dir='ltr'><strong>Silligj</strong></span> 
     </span>
     <span class='ocr_line' id='line_1_27' title="bbox 176 3129 1229 3216; baseline 0.002 -20"><span class='ocrx_word' id='word_1_206' title='bbox 176 3131 258 3196; x_wconf 90' lang='lat' dir='ltr'><strong>Plin.</strong></span> <span class='ocrx_word' id='word_1_207' title='bbox 286 3129 349 3213; x_wconf 90' lang='lat' dir='ltr'><strong>Ill,</strong></span> <span class='ocrx_word' id='word_1_208' title='bbox 380 3131 395 3192; x_wconf 91' lang='lat'>1</span> <span class='ocrx_word' id='word_1_209' title='bbox 430 3132 507 3210; x_wconf 69' lang='lat'><strong>58:</strong></span> <span class='ocrx_word' id='word_1_210' title='bbox 551 3131 593 3195; x_wconf 81' lang='lat' dir='ltr'><strong>Ia</strong></span> <span class='ocrx_word' id='word_1_211' title='bbox 621 3134 797 3197; x_wconf 66' lang='lat' dir='ltr'><strong>sentuosum</strong></span> <span class='ocrx_word' id='word_1_212' title='bbox 826 3134 1021 3216; x_wconf 75' lang='lat' dir='ltr'><strong>Htspuaiora</strong></span> <span class='ocrx_word' id='word_1_213' title='bbox 1052 3135 1100 3199; x_wconf 89' lang='lat' dir='ltr'><strong>M.</strong></span> <span class='ocrx_word' id='word_1_214' title='bbox 1130 3135 1229 3200; x_wconf 85' lang='lat' dir='ltr'><strong>Varro</strong></span> 
     </span>
     <span class='ocr_line' id='line_1_28' title="bbox 175 3236 1233 3323; baseline 0.003 -20"><span class='ocrx_word' id='word_1_215' title='bbox 175 3240 291 3304; x_wconf 76' lang='lat' dir='ltr'><strong>venisse</strong></span> <span class='ocrx_word' id='word_1_216' title='bbox 312 3236 337 3301; x_wconf 88' lang='grc' dir='ltr'><em>Ι</em></span> <span class='ocrx_word' id='word_1_217' title='bbox 338 3237 421 3302; x_wconf 81' lang='lat' dir='ltr'><strong>beros</strong></span> <span class='ocrx_word' id='word_1_218' title='bbox 449 3241 478 3300; x_wconf 84' lang='lat' dir='ltr'><strong>et</strong></span> <span class='ocrx_word' id='word_1_219' title='bbox 499 3236 613 3302; x_wconf 84' lang='lat' dir='ltr'><strong>Persas</strong></span> <span class='ocrx_word' id='word_1_220' title='bbox 639 3244 668 3302; x_wconf 87' lang='lat' dir='ltr'><strong>ct</strong></span> <span class='ocrx_word' id='word_1_221' title='bbox 689 3239 859 3304; x_wconf 79' lang='lat' dir='ltr'><strong>Pleoeaicas</strong></span> <span class='ocrx_word' id='word_1_222' title='bbox 882 3240 1039 3323; x_wconf 75' lang='lat' dir='ltr'><strong>Cottaeque</strong></span> <span class='ocrx_word' id='word_1_223' title='bbox 1067 3247 1095 3305; x_wconf 85' lang='lat' dir='ltr'><strong>et</strong></span> <span class='ocrx_word' id='word_1_224' title='bbox 1118 3242 1233 3306; x_wconf 75' lang='lat' dir='ltr'><strong>Poenos</strong></span> 
     </span>
     <span class='ocr_line' id='line_1_29' title="bbox 136 3343 1233 3431; baseline 0.005 -25"><span class='ocrx_word' id='word_1_225' title='bbox 136 3367 163 3406; x_wconf 73' lang='lat' dir='ltr'><strong>a</strong></span> <span class='ocrx_word' id='word_1_226' title='bbox 176 3347 238 3410; x_wconf 79' lang='lat' dir='ltr'><strong>dit:</strong></span> <span class='ocrx_word' id='word_1_227' title='bbox 271 3345 373 3410; x_wconf 81' lang='lat' dir='ltr'><strong>lasum</strong></span> <span class='ocrx_word' id='word_1_228' title='bbox 404 3344 487 3408; x_wconf 73' lang='lat' dir='ltr'><strong>oraim</strong></span> <span class='ocrx_word' id='word_1_229' title='bbox 515 3343 659 3431; x_wconf 75' lang='lat' dir='ltr'><strong>(etiam‘l)</strong></span> <span class='ocrx_word' id='word_1_230' title='bbox 691 3346 796 3410; x_wconf 71' lang='lat' dir='ltr'><strong>Liberi</strong></span> <span class='ocrx_word' id='word_1_231' title='bbox 817 3350 921 3429; x_wconf 77' lang='lat' dir='ltr'><strong>petris</strong></span> <span class='ocrx_word' id='word_1_232' title='bbox 947 3354 1004 3413; x_wconf 83' lang='lat' dir='ltr'><strong>aut</strong></span> <span class='ocrx_word' id='word_1_233' title='bbox 1030 3344 1160 3412; x_wconf 78' lang='grc' dir='ltr'><strong><em>λύσσαν</em></strong></span> <span class='ocrx_word' id='word_1_234' title='bbox 1195 3369 1233 3412; x_wconf 80' lang='lat' dir='ltr'><strong>oe</strong></span> 
     </span>
     <span class='ocr_line' id='line_1_30' title="bbox 177 3453 1233 3537; baseline 0.002 -20"><span class='ocrx_word' id='word_1_235' title='bbox 177 3453 389 3517; x_wconf 72' lang='lat' dir='ltr'><strong>taeclmettum</strong></span> <span class='ocrx_word' id='word_1_236' title='bbox 411 3471 521 3516; x_wconf 69' lang='lat' dir='ltr'><strong>nonme</strong></span> <span class='ocrx_word' id='word_1_237' title='bbox 543 3453 658 3517; x_wconf 74' lang='lat' dir='ltr'><strong>dcdtssc</strong></span> <span class='ocrx_word' id='word_1_238' title='bbox 675 3453 867 3535; x_wconf 60' lang='lat' dir='ltr'><strong>lusitaniae,</strong></span> <span class='ocrx_word' id='word_1_239' title='bbox 888 3459 916 3518; x_wconf 84' lang='lat' dir='ltr'><strong>et</strong></span> <span class='ocrx_word' id='word_1_240' title='bbox 934 3454 1028 3519; x_wconf 82' lang='lat' dir='ltr'><strong>Pane</strong></span> <span class='ocrx_word' id='word_1_241' title='bbox 1045 3456 1233 3537; x_wconf 75' lang='lat' dir='ltr'><strong>praesectam</strong></span> 
     </span>
     <span class='ocr_line' id='line_1_31' title="bbox 177 3558 1233 3646; baseline 0.003 -23"><span class='ocrx_word' id='word_1_242' title='bbox 177 3562 352 3624; x_wconf 79' lang='lat' dir='ltr'><strong>rrrrioersae:</strong></span> <span class='ocrx_word' id='word_1_243' title='bbox 385 3558 423 3621; x_wconf 93' lang='lat' dir='ltr'><strong>de</strong></span> <span class='ocrx_word' id='word_1_244' title='bbox 454 3580 589 3640; x_wconf 90' lang='lat' dir='ltr'><strong>quorum</strong></span> <span class='ocrx_word' id='word_1_245' title='bbox 624 3560 785 3643; x_wconf 88' lang='lat' dir='ltr'><strong>scriptura</strong></span> <span class='ocrx_word' id='word_1_246' title='bbox 813 3562 852 3625; x_wconf 86' lang='lat' dir='ltr'><strong>ef.</strong></span> <span class='ocrx_word' id='word_1_247' title='bbox 877 3559 1049 3646; x_wconf 84' lang='lat' dir='ltr'><strong>Silligium.</strong></span> <span class='ocrx_word' id='word_1_248' title='bbox 1072 3599 1115 3606; x_wconf 89' lang='lat'><em>-</em></span> <span class='ocrx_word' id='word_1_249' title='bbox 1138 3560 1233 3644; x_wconf 77' lang='lat' dir='ltr'><strong>lll,l</strong></span> 
     </span>
     <span class='ocr_line' id='line_1_32' title="bbox 179 3664 1233 3753; baseline 0.001 -24"><span class='ocrx_word' id='word_1_250' title='bbox 179 3666 233 3750; x_wconf 89' lang='lat' dir='ltr'><strong>(cf.</strong></span> <span class='ocrx_word' id='word_1_251' title='bbox 251 3664 406 3728; x_wconf 79' lang='lat' dir='ltr'><strong>Marcion.</strong></span> <span class='ocrx_word' id='word_1_252' title='bbox 421 3687 451 3746; x_wconf 91' lang='lat' dir='ltr'><strong>p.</strong></span> <span class='ocrx_word' id='word_1_253' title='bbox 467 3665 559 3749; x_wconf 79' lang='lat'>205):</span> <span class='ocrx_word' id='word_1_254' title='bbox 583 3666 678 3732; x_wconf 73' lang='lat' dir='ltr'><strong>Abest</strong></span> <span class='ocrx_word' id='word_1_255' title='bbox 702 3666 827 3753; x_wconf 78' lang='lat' dir='ltr'><strong>(ltalia)</strong></span> <span class='ocrx_word' id='word_1_256' title='bbox 850 3689 872 3731; x_wconf 87' lang='lat' dir='ltr'><strong>a</strong></span> <span class='ocrx_word' id='word_1_257' title='bbox 894 3669 1093 3734; x_wconf 75' lang='lat' dir='ltr'><strong>ctrcrrrmlatts</strong></span> <span class='ocrx_word' id='word_1_258' title='bbox 1116 3669 1233 3732; x_wconf 82' lang='lat' dir='ltr'><strong>terris.</strong></span> 
     </span>
     <span class='ocr_line' id='line_1_33' title="bbox 178 3770 1233 3856; baseline 0 -19"><span class='ocrx_word' id='word_1_259' title='bbox 178 3794 215 3837; x_wconf 83' lang='lat' dir='ltr'><strong>oc</strong></span> <span class='ocrx_word' id='word_1_260' title='bbox 237 3772 392 3835; x_wconf 68' lang='lat' dir='ltr'><strong>laterata</strong></span> <span class='ocrx_word' id='word_1_261' title='bbox 414 3770 598 3851; x_wconf 77' lang='lat' dir='ltr'><strong>qailrrsdem</strong></span> <span class='ocrx_word' id='word_1_262' title='bbox 621 3775 694 3839; x_wconf 74' lang='lat' dir='ltr'><strong>loeis</strong></span> <span class='ocrx_word' id='word_1_263' title='bbox 716 3780 840 3839; x_wconf 69' lang='lat' dir='ltr'><strong>cenam</strong></span> <span class='ocrx_word' id='word_1_264' title='bbox 862 3775 907 3839; x_wconf 90' lang='lat' dir='ltr'><em>M</em></span> <span class='ocrx_word' id='word_1_265' title='bbox 919 3797 1014 3856; x_wconf 76' lang='lat' dir='ltr'><strong>pass,</strong></span> <span class='ocrx_word' id='word_1_266' title='bbox 1036 3775 1075 3839; x_wconf 82' lang='lat' dir='ltr'><strong>oh</strong></span> <span class='ocrx_word' id='word_1_267' title='bbox 1098 3775 1233 3856; x_wconf 75' lang='lat' dir='ltr'><strong>Epiro&lt;</strong></span> 
     </span>
     <span class='ocr_line' id='line_1_34' title="bbox 179 3879 1233 3962; baseline 0.002 -20"><span class='ocrx_word' id='word_1_268' title='bbox 179 3879 272 3960; x_wconf 72' lang='lat' dir='ltr'><strong>lyrico</strong></span> <span class='ocrx_word' id='word_1_269' title='bbox 285 3880 521 3962; x_wconf 72' lang='lat' dir='ltr'><strong>qrrtnquapieta,</strong></span> <span class='ocrx_word' id='word_1_270' title='bbox 538 3880 577 3944; x_wconf 79' lang='lat' dir='ltr'><strong>oh</strong></span> <span class='ocrx_word' id='word_1_271' title='bbox 595 3881 709 3960; x_wconf 71' lang='lat' dir='ltr'><strong>Allien</strong></span> <span class='ocrx_word' id='word_1_272' title='bbox 731 3883 836 3946; x_wconf 67' lang='lat' dir='ltr'><strong>astrues</strong></span> <span class='ocrx_word' id='word_1_273' title='bbox 854 3880 1081 3946; x_wconf 69' lang='lat' dir='ltr'><strong>neocaesar</strong></span> <span class='ocrx_word' id='word_1_274' title='bbox 1099 3887 1142 3946; x_wconf 86' lang='lat' dir='ltr'><strong>cst</strong></span> <span class='ocrx_word' id='word_1_275' title='bbox 1155 3880 1233 3946; x_wconf 79' lang='lat' dir='ltr'><strong>Ml</strong></span> 
     </span>
     <span class='ocr_line' id='line_1_35' title="bbox 178 3984 1233 4070; baseline 0.001 -21"><span class='ocrx_word' id='word_1_276' title='bbox 178 3986 217 4049; x_wconf 83' lang='lat' dir='ltr'><strong>ah</strong></span> <span class='ocrx_word' id='word_1_277' title='bbox 240 3984 392 4049; x_wconf 75' lang='lat' dir='ltr'><strong>Sardinia</strong></span> <span class='ocrx_word' id='word_1_278' title='bbox 415 3985 513 4051; x_wconf 85' lang='lat' dir='ltr'><strong>GXX</strong></span> <span class='ocrx_word' id='word_1_279' title='bbox 533 3988 582 4065; x_wconf 90' lang='lat' dir='ltr'><strong>M,</strong></span> <span class='ocrx_word' id='word_1_280' title='bbox 613 3988 652 4052; x_wconf 83' lang='lat' dir='ltr'><strong>ab</strong></span> <span class='ocrx_word' id='word_1_281' title='bbox 674 3988 785 4053; x_wconf 79' lang='lat' dir='ltr'><strong>Sicilia</strong></span> <span class='ocrx_word' id='word_1_282' title='bbox 807 3989 851 4052; x_wconf 82' lang='lat' dir='ltr'><strong>M</strong></span> <span class='ocrx_word' id='word_1_283' title='bbox 867 3986 1003 4070; x_wconf 83' lang='grc'><strong><em>00000,</em></strong></span> <span class='ocrx_word' id='word_1_284' title='bbox 1034 4009 1055 4050; x_wconf 84' lang='lat' dir='ltr'><strong>a</strong></span> <span class='ocrx_word' id='word_1_285' title='bbox 1073 3986 1199 4053; x_wconf 76' lang='lat' dir='ltr'><strong>Corsica</strong></span> <span class='ocrx_word' id='word_1_286' title='bbox 1222 4008 1233 4050; x_wconf 85' lang='lat' dir='ltr'><strong>r</strong></span> 
     </span>
     <span class='ocr_line' id='line_1_36' title="bbox 179 4091 1233 4177; baseline 0 -21"><span class='ocrx_word' id='word_1_287' title='bbox 179 4091 324 4175; x_wconf 86' lang='lat' dir='ltr'><strong>LXXX,</strong></span> <span class='ocrx_word' id='word_1_288' title='bbox 353 4093 391 4157; x_wconf 81' lang='lat' dir='ltr'><strong>ab</strong></span> <span class='ocrx_word' id='word_1_289' title='bbox 415 4093 487 4158; x_wconf 83' lang='lat' dir='ltr'><strong>Issa</strong></span> <span class='ocrx_word' id='word_1_290' title='bbox 513 4094 746 4176; x_wconf 12' lang='lat' dir='ltr'><strong>quadrataque.</strong></span> <span class='ocrx_word' id='word_1_291' title='bbox 770 4132 811 4140; x_wconf 96' lang='lat'><em>-</em></span> <span class='ocrx_word' id='word_1_292' title='bbox 835 4093 894 4176; x_wconf 92' lang='lat' dir='ltr'><strong>lll,</strong></span> <span class='ocrx_word' id='word_1_293' title='bbox 920 4095 969 4176; x_wconf 87' lang='lat'><strong>10,</strong></span> <span class='ocrx_word' id='word_1_294' title='bbox 992 4094 1049 4156; x_wconf 80' lang='lat'><strong>95:</strong></span> <span class='ocrx_word' id='word_1_295' title='bbox 1077 4093 1167 4157; x_wconf 83' lang='lat' dir='ltr'><strong>Patet</strong></span> <span class='ocrx_word' id='word_1_296' title='bbox 1191 4091 1233 4177; x_wconf 88' lang='lat' dir='ltr'><strong>(M</strong></span> 
     </span>
     <span class='ocr_line' id='line_1_37' title="bbox 181 4197 1233 4283; baseline 0.003 -22"><span class='ocrx_word' id='word_1_297' title='bbox 181 4197 329 4282; x_wconf 82' lang='lat' dir='ltr'><strong>Graecia)</strong></span> <span class='ocrx_word' id='word_1_298' title='bbox 358 4201 509 4282; x_wconf 78' lang='lat' dir='ltr'><strong>octoptrrta</strong></span> <span class='ocrx_word' id='word_1_299' title='bbox 531 4222 583 4265; x_wconf 81' lang='lat' dir='ltr'><strong>sce</strong></span> <span class='ocrx_word' id='word_1_300' title='bbox 606 4201 650 4264; x_wconf 88' lang='lat' dir='ltr'><strong>M</strong></span> <span class='ocrx_word' id='word_1_301' title='bbox 662 4222 760 4282; x_wconf 64' lang='lat' dir='ltr'><strong>poss,</strong></span> <span class='ocrx_word' id='word_1_302' title='bbox 792 4206 827 4265; x_wconf 82' lang='lat' dir='ltr'><strong>ut</strong></span> <span class='ocrx_word' id='word_1_303' title='bbox 849 4206 956 4265; x_wconf 73' lang='lat' dir='ltr'><strong>erector</strong></span> <span class='ocrx_word' id='word_1_304' title='bbox 978 4206 1020 4264; x_wconf 83' lang='lat' dir='ltr'><strong>cst</strong></span> <span class='ocrx_word' id='word_1_305' title='bbox 1049 4200 1163 4276; x_wconf 85' lang='lat' dir='ltr'><strong>Vorro;</strong></span> <span class='ocrx_word' id='word_1_306' title='bbox 1187 4202 1233 4283; x_wconf 82' lang='lat' dir='ltr'><strong>ph</strong></span> 
     </span>
     <span class='ocr_line' id='line_1_38' title="bbox 180 4305 1233 4393; baseline -0.002 -22"><span class='ocrx_word' id='word_1_307' title='bbox 180 4305 371 4371; x_wconf 86' lang='lat' dir='ltr'><strong>LXXVM</strong></span> <span class='ocrx_word' id='word_1_308' title='bbox 387 4306 489 4385; x_wconf 73' lang='lat' dir='ltr'><strong>lesere.</strong></span> <span class='ocrx_word' id='word_1_309' title='bbox 514 4344 554 4352; x_wconf 93' lang='lat'>—</span> <span class='ocrx_word' id='word_1_310' title='bbox 588 4305 650 4390; x_wconf 91' lang='lat' dir='ltr'><strong>Ill,</strong></span> <span class='ocrx_word' id='word_1_311' title='bbox 678 4310 731 4392; x_wconf 79' lang='lat'><strong>12,</strong></span> <span class='ocrx_word' id='word_1_312' title='bbox 758 4309 818 4372; x_wconf 81' lang='lat'><strong>109</strong></span> <span class='ocrx_word' id='word_1_313' title='bbox 846 4307 900 4393; x_wconf 82' lang='lat' dir='ltr'><strong>(of.</strong></span> <span class='ocrx_word' id='word_1_314' title='bbox 925 4305 1023 4371; x_wconf 81' lang='lat' dir='ltr'><strong>Solin.</strong></span> <span class='ocrx_word' id='word_1_315' title='bbox 1048 4329 1072 4371; x_wconf 92' lang='lat' dir='ltr'><strong>c.</strong></span> <span class='ocrx_word' id='word_1_316' title='bbox 1096 4308 1117 4369; x_wconf 75' lang='lat'><strong>2</strong></span> <span class='ocrx_word' id='word_1_317' title='bbox 1141 4305 1233 4389; x_wconf 78' lang='lat' dir='ltr'><strong>med]</strong></span> 
     </span>
     <span class='ocr_line' id='line_1_39' title="bbox 181 4411 1222 4500; baseline 0.001 -21"><span class='ocrx_word' id='word_1_318' title='bbox 181 4433 256 4500; x_wconf 67' lang='lat' dir='ltr'><strong>apro</strong></span> <span class='ocrx_word' id='word_1_319' title='bbox 278 4411 411 4479; x_wconf 76' lang='lat' dir='ltr'><strong>Reatino</strong></span> <span class='ocrx_word' id='word_1_320' title='bbox 434 4412 568 4480; x_wconf 77' lang='lat' dir='ltr'><strong>Orltliac</strong></span> <span class='ocrx_word' id='word_1_321' title='bbox 595 4415 709 4495; x_wconf 74' lang='lat' dir='ltr'><strong>learns,</strong></span> <span class='ocrx_word' id='word_1_322' title='bbox 741 4417 775 4479; x_wconf 80' lang='lat' dir='ltr'><strong>ia</strong></span> <span class='ocrx_word' id='word_1_323' title='bbox 801 4438 860 4499; x_wconf 76' lang='lat' dir='ltr'><strong>quo</strong></span> <span class='ocrx_word' id='word_1_324' title='bbox 887 4415 1011 4498; x_wconf 75' lang='lat' dir='ltr'><strong>fluctuet</strong></span> <span class='ocrx_word' id='word_1_325' title='bbox 1037 4414 1143 4480; x_wconf 79' lang='lat' dir='ltr'><strong>insula</strong></span> <span class='ocrx_word' id='word_1_326' title='bbox 1166 4412 1222 4497; x_wconf 87' lang='lat' dir='ltr'><strong>(cl.</strong></span> 
     </span>
    </p>
   </div>
   <div class='ocr_carea' id='block_1_5' title="bbox 0 0 1481 5026">
    <p class='ocr_par' dir='ltr' id='par_1_6' title="bbox 0 0 1481 5026">
     <span class='ocr_line' id='line_1_40' title="bbox 0 0 1481 5026; baseline 0 0"><span class='ocrx_word' id='word_1_327' title='bbox 0 0 1481 5026; x_wconf 95' lang='lat' dir='ltr'><strong> </strong></span> 
     </span>
    </p>
   </div>
  </div>
 </body>
</html>
