2932 5026
400 334 479 383 srva
503 333 751 381 rrauuousovu
775 333 877 380 uram.
1150 317 1216 381 535

101 478 148 542 tati
165 476 354 543 llitschelius
381 500 483 562 quum
511 477 559 541 ita
586 475 717 541 demum
746 498 868 540 morem
896 498 930 539 se
954 480 1120 561 gesturum
1145 498 1217 541 esse

100 583 317 667 significaverit,
339 584 368 649 si
389 606 455 649 non
478 587 570 648 extra
588 583 691 648 libros
710 581 969 666 coryphaeorum
988 582 1118 646 illorum
1138 581 1216 646 ima·

77 688 170 771 'giras
193 691 261 755 sine
289 690 389 755 dubio
416 690 577 755 litteraria
605 690 680 754 dote
704 690 880 754 instructae
906 692 1122 771 versarentur,
1151 689 1216 752 iam

99 794 261 862 nobiseum
284 797 373 861 viam
395 797 553 882 reperisse
578 796 730 873 videmur,
754 796 787 860 in
811 795 928 859 librum
948 795 1090 879 primum
1110 795 1214 883 isago-

97 898 180 982 glcum
199 903 241 969 iis
264 904 404 989 receptis
413 902 456 989 ¹³).
501 904 553 968 Ab
582 904 755 968 eorundem
779 904 940 968 sententia
962 902 1144 967 tamenita
1167 925 1215 966 re·

97 1005 225 1093 sumus,
258 1015 295 1075 ut
318 1010 497 1075 Homerum
526 1010 655 1096 quidem
684 1009 718 1074 in
746 1011 804 1075 ills
828 1011 961 1075 cohorte
984 1009 1085 1074 fuisse
1109 1007 1215 1075 Gellio

97 1113 159 1183 leste
177 1117 389 1201 affirmemus,
421 1139 524 1200 neque
553 1138 628 1181 vero
652 1115 831 1181 Hesiodum
860 1120 956 1201 atque
980 1115 1214 1201 Hippocratem

95 1218 293 1307 admittamus,
325 1246 423 1309 quum
456 1224 519 1288 duo
552 1223 692 1288 eiusdem
726 1216 854 1308 generis
884 1224 1008 1288 lumina
1038 1224 1213 1308 septenarii

92 1322 193 1395 umeri
215 1330 296 1395 lines
319 1331 487 1396 excludere
511 1331 692 1411 videantur,
721 1330 936 1414 Hippocrates
961 1352 1035 1394 vero
1059 1330 1093 1393 iu
1117 1328 1214 1394 Grae-

10 1488 12 1493 ,
90 1451 178 1501 corum
201 1437 400 1502 medicorum
424 1437 639 1520 hebdomade,
663 1461 760 1522 quarn
784 1461 822 1502 ex
846 1436 953 1501 Plinio
977 1436 1016 1501 N.
1041 1436 1080 1500 H.
1104 1435 1213 1500 XXVI

86 1541 202 1628 §ldsq
221 1543 308 1609 eruit
327 1542 535 1627 Ritsehelius,
559 1544 666 1609 locum
689 1567 782 1608 suum
805 1545 934 1629 habeat,
958 1548 1054 1627 utque
1078 1544 1213 1608 eandem

80 1644 242 1733 imaginem
271 1649 324 1714 bis
353 1650 555 1734 propositam
584 1651 686 1716 fuisse
715 1652 756 1716 ab
781 1651 869 1715 omni
894 1651 1134 1734 aequabilitatis
1158 1674 1212 1717 no·

76 1755 153 1821 tione
180 1778 314 1839 prorsus
343 1754 526 1821 abhorreat.
583 1756 705 1833 Quodsi
733 1762 862 1842 praeter
890 1758 1066 1823 Homerum
1095 1780 1212 1823 nomen

71 1860 198 1947 aliquod
231 1884 248 1926 e
279 1861 501 1927 Romanorum
534 1884 633 1948 grege
667 1865 821 1929 selectum
854 1863 928 1928 huic
961 1863 1032 1928 loco
1066 1864 1213 1949 requiris,

67 1974 195 2051 praesto
228 1975 279 2032 est
311 1968 451 2052 Aeneas,
483 1991 578 2053 quem
611 1992 631 2033 a
664 1970 795 2034 Graecis
832 1970 984 2035 heroibus
1022 1992 1211 2056 segregasse

66 2072 248 2139 Varronem
280 2074 443 2158 probabili
476 2079 669 2159 argumento
702 2075 900 2141 ltitsehelius
933 2077 1059 2141 censuit
1093 2077 1210 2161 p.x11

62 2184 173 2246 annot
210 2180 301 2245 Duas
324 2185 432 2244 autem
456 2179 517 2244 has
541 2179 772 2264 hebdomadas,
795 2180 991 2247 Graecorum
1017 2206 1123 2267 unam,
1147 2184 1237 2249 lto-s

60 2309 234 2353 manorum
258 2287 395 2352 alteram
418 2310 456 2352 eo
480 2288 615 2352 oonsilio
635 2285 739 2352 Varro
763 2288 795 2351 in
820 2289 960 2372 primum
983 2289 1103 2354 librum
1127 2313 1210 2355 rece·

57 2397 149 2481 pisse
172 2400 208 2461 et
235 2417 308 2460 oum
337 2395 557 2479 disputatione
585 2395 753 2480 isagogica
777 2388 981 2459 coniunxisse
1004 2395 1144 2479 videtur,
1175 2401 1210 2461 ut

58 2502 239 2587 septenarii
262 2502 388 2566 numeri
407 2502 527 2566 virtute
551 2506 700 2565 enarrata
724 2506 889 2585 tamquam
914 2503 946 2565 in
970 2504 1077 2566 fronte
1101 2503 1208 2586 operis

56 2610 170 2694 ipsum
195 2608 352 2673 librorum
376 2616 584 2693 conspectum
608 2614 816 2693 proponeret,
847 2608 1104 2692 quattuordecim
1129 2610 1207 2672 ima-

57 2717 194 2801 ginibus
218 2715 272 2798 qui
292 2717 429 2800 singulis
450 2716 541 2779 libris
561 2715 793 2799 responderent
812 2713 851 2777 ad
871 2714 902 2777 id
922 2715 1064 2778 delectis.
1096 2714 1207 2799 Neque

56 2825 93 2887 in
118 2822 183 2887 hae
206 2844 239 2885 re
264 2844 385 2886 morem
409 2821 542 2885 solitum
566 2821 621 2884 ille
646 2821 785 2884 violasse
809 2820 992 2902 credenduS,
1016 2821 1042 2884 si
1067 2822 1207 2905 antiqui-

57 2930 180 2995 tatium
208 2950 314 2992 rerum
338 2929 551 2992 humanarum
576 2933 609 2990 et
632 2928 811 2991 divinarum
837 2929 1009 2992 seeundum
1034 2928 1135 2992 libros
1160 2951 1206 2993 re-

57 3058 206 3119 censum,
239 3022 543 3120 quem'hugustini
577 3035 732 3098 beneficio
766 3035 932 3115 debemus,
965 3035 997 3098 in
1031 3036 1206 3120 isagogicis

57 3144 149 3207 illius
173 3142 281 3225 operis
305 3141 396 3205 libris
420 3141 544 3205 duobus
570 3142 771 3224 propositum
797 3142 895 3205 fuisse
919 3145 1086 3224 concedes,
1110 3147 1206 3225 atque

58 3252 106 3315 ita
134 3249 265 3313 demum
294 3249 332 3312 de
361 3249 539 3333 imaginum
568 3249 652 3313 libro
682 3251 714 3312 in
743 3251 848 3334 capite
876 3251 983 3333 posito
1013 3250 1095 3314 idem
1121 3248 1206 3333 quod

58 3357 97 3421 de
125 3356 371 3440 antiquitatium
400 3356 540 3420 exordiis
569 3356 704 3439 valebit,
739 3361 773 3419 ut
797 3355 1025 3419 ‘communiter
1054 3355 1142 3436 prius
1167 3356 1205 3418 de

58 3463 211 3528 omnibus
236 3460 441 3545 loqueretur?

148 3567 397 3633 Hebdomadum
429 3589 486 3650 per
518 3568 618 3633 libros
652 3568 908 3652 ‹quruttuordee-irn
941 3567 1204 3633 distributionem

58 3675 257 3740 Bit-schelius
285 3676 471 3739 coniectura
495 3699 649 3759 perquam
675 3676 836 3759 probabili
861 3680 1026 3739 assecutus
1051 3682 1100 3740 est
1123 3700 1203 3761 eum,

58 3788 92 3847 ut
119 3783 211 3867 paris
240 3782 365 3846 numeri
393 3782 468 3846 libri
493 3784 639 3865 llraecis,
670 3784 802 3867 imparis
833 3781 988 3845 llomanis
1018 3783 1203 3847 hominihus

57 3889 154 3954 dicati
178 3887 301 3952 fuerint
324 3889 401 3971 toti,
429 3890 462 3953 in
486 3912 549 3974 qua
572 3891 666 3954 nobis
691 3912 817 3974 qumque
842 3889 1106 3973 acquiescendum
1132 3890 1203 3972 erit,

56 3997 131 4061 licet
158 3995 231 4078 ipsa
260 4016 311 4058 res
341 3996 445 4079 magis
472 4002 589 4060 natura
618 3995 859 4059 commendetur
883 4018 978 4080 qumn
1003 3996 1201 4078 argumentis

55 4100 271 4167 demonstrari
291 4103 403 4184 possit.
440 4102 526 4167 Nam
546 4102 700 4184 omnium,
723 4124 805 4186 quae
825 4126 863 4166 ex
883 4102 934 4165 his
959 4101 1049 4164 libris
1074 4105 1203 4165 servata

55 4263 270 4273 ...ἢ-,-

143 4348 169 4416 ‘)
190 4346 243 4402 Cui
261 4347 362 4402 rationi
381 4366 453 4417 quae
472 4366 505 4403 er
524 4351 618 4403 mento
632 4347 779 4403 ltitsehelii
798 4349 944 4416 praeterea
957 4347 1068 4402 obstare
1087 4346 1200 4402 videan-

51 4440 104 4505 tur,
123 4436 200 4492 infra
216 4436 406 4492 discutiemus.
