2932 5026
319 316 324 325 ·
403 300 619 355 rnvnsavrr
640 302 955 351 senseramus.
1186 286 1253 353 auc

143 452 250 518 utente
272 470 371 537 qnam
397 448 440 515 ad
466 446 574 535 ipsam
600 442 763 513 mendatis
784 444 1090 531 interpretationem
1111 444 1252 527 faciatis,
1368 510 1373 519 ‚

144 554 279 625 msam
308 576 349 623 eo
379 553 522 639 eddius,
552 574 617 641 quo
643 552 775 619 brevius
801 573 843 619 ea
868 550 965 619 nobie
991 574 1092 639 opera
1117 556 1252 639 propter

144 662 291 731 mm
310 660 391 729 lunio
411 660 581 747 prooemio
602 680 831 729 concessarum
852 657 1052 745 pandtatem
1074 657 1250 747 defungen-

144 770 197 837 lm
212 772 270 857 ost,
290 786 420 857 quoque
441 766 548 835 maior
568 788 588 832 e
609 766 670 833 tali
692 765 865 853 diligentia
884 766 1011 834 fructus
1033 764 1075 833 ad
1096 766 1250 835 idoneam

144 874 234 945 'aloe
254 876 407 943 mirano
432 894 553 963 genere
574 872 766 941 lmnltatem
787 873 1041 961 comparandam
1062 873 1249 960 percipitur.

144 981 181 1051 ὤ
194 982 263 1051 ruis
284 980 479 1071 quibusdam
496 980 655 1066 exemplis
674 1002 784 1047 reram
802 980 997 1067 scripturam
1014 981 1086 1047 sola
1098 978 1249 1068 calliopii

144 1090 292 1159 musione
312 1088 478 1175 proditam
500 1087 680 1175 reperietis,
701 1090 740 1153 nt
759 1086 792 1173 1,
812 1088 845 1173 4,
867 1086 1044 1173 aliquoties
1066 1110 1107 1155 ex
1128 1088 1249 1155 utius-

144 1218 187 1283 que
205 1196 371 1265 mninneta
399 1196 558 1263 memoria
585 1194 857 1281 concinnandam,
888 1198 927 1261 at
952 1194 1078 1262 Pani·
1109 1194 1195 1263 Prcl.
1216 1196 1249 1281 4,

143 1302 230 1371 rlisrli
249 1304 338 1373 inter
363 1324 400 1371 sc
421 1304 511 1389 ipson
532 1302 582 1369 its
602 1299 823 1387 discrepantes
846 1300 1085 1389 Galliopianos,
1115 1305 1154 1368 ut
1174 1324 1248 1370 con·

143 1410 221 1477 vniat
236 1410 330 1497 perd,
352 1408 440 1497 parti
462 1408 687 1475 disconveniat
704 1430 779 1475 cum
796 1406 968 1493 Bembino,
989 1412 1088 1495 atque
1105 1406 1187 1475 adeo
1204 1407 1248 1475 ab

142 1536 187 1583 uro
201 1516 262 1585 rclo
282 1538 397 1583 rerum
418 1514 462 1583 sit
484 1516 661 1601 servatum,
682 1518 722 1581 ut
743 1512 811 1599 1,9.
841 1512 926 1579 ltem
943 1512 1140 1599 compluries
1156 1511 1249 1580 nulla

141 1622 177 1689 rrl
189 1622 409 1713 propemodm
429 1620 522 1689 nulla
542 1622 737 1689 auctoritate
760 1621 959 1708 intellegetis
980 1624 1145 1707 receptam
1161 1642 1247 1689 nuuc

142 1734 231 1817 alprr
254 1728 414 1819 plurimas
444 1726 604 1795 edificans
634 1732 853 1816 propagatam
881 1728 1074 1815 scripturam
1102 1728 1179 1815 niti,
1209 1733 1248 1796 ut

140 1832 223 1907 lea
237 1836 280 1924 ll,
291 1836 347 1905 25.
386 1832 492 1903 Simul
514 1838 626 1901 autem
647 1834 729 1901 hacc
751 1837 786 1901 et
807 1834 928 1901 similia
950 1834 1069 1919 omnia,
1092 1856 1175 1920 quae
1192 1834 1248 1901 hic

140 1944 253 2031 praeoni
268 1944 405 2031 longum
423 1948 484 2029 est,
504 1942 630 2009 leriora
646 1962 718 2009 esse
736 1942 885 2009 sentietis
901 1964 982 2029 prae
997 1940 1124 2009 duabus
1141 1940 1248 2028 rebus,

140 2046 278 2135 munitus
303 2048 381 2137 ipsa
399 2036 527 2115 'natura
548 2048 703 2115 Bembini
724 2046 845 2115 codicis
867 2068 941 2115 cum
963 2044 1117 2135 calliopii
1139 2070 1247 2117 recen

140 2152 206 2223 rina
225 2156 403 2245 oompnrnti
428 2154 587 2223 cernitur:
617 2158 657 2221 ut
682 2154 717 2223 in
744 2154 883 2242 singulis
909 2176 976 2225 non
997 2155 1159 2243 haerenti,
1190 2156 1247 2223 sed

140 2262 252 2333 dm
270 2268 306 2333 et
325 2264 506 2353 generatim
528 2262 685 2330 iudicanti
706 2262 836 2350 longius
859 2264 959 2331 etiam
982 2287 1004 2332 a
1025 2262 1178 2331 Bembini
1199 2264 1247 2330 in·

142 2368 259 2455 W
278 2368 435 2457 Galliopii
459 2368 605 2437 recensio
631 2368 766 2456 maa,
797 2392 896 2457 quam
922 2370 981 2437 illa
1002 2370 1117 2439 abesae
1139 2392 1161 2437 a
1180 2371 1246 2458 pri·

142 2472 204 2541 sins
216 2476 397 2547 fabularum
413 2476 685 2543 Terentianarum
707 2477 816 2561 specie
837 2475 995 2561 rideatur,
1015 2476 1048 2545 la
1062 2500 1089 2545 e.
1110 2481 1149 2544 ut
1170 2478 1246 2543 sim·

143 2578 225 2663 llit'ur
239 2586 394 2670 dicamus,
415 2584 514 2672 longo
532 2583 707 2649 intervallo
721 2583 880 2668 optimum
894 2584 1037 2650 codicem
1051 2584 1246 2650 Bembinum

143 2706 201 2775 one,
219 2716 254 2761 ac
279 2694 378 2780 longa
405 2690 554 2777 plurimis
577 2687 858 2775 (lalliopianorum
885 2692 997 2757 naevis
1021 2692 1245 2777 abstergendis

142 2795 263 2885 udicare,
293 2800 351 2865 sed
378 2798 429 2863 rel
457 2799 502 2864 sic
530 2802 670 2882 restare,
702 2820 784 2883 quae
813 2820 885 2864 cum
912 2799 988 2864 tolli
1010 2799 1161 2865 Bembini
1186 2823 1245 2885 (ipre

142 2912 278 2993 uuuemt,
308 2908 397 2973 ultra
423 2907 518 2971 huius
547 2906 643 2970 fidem
672 2906 902 2992 progrediendi
930 2911 964 2972 et
987 2907 1102 2973 salutis
1131 2930 1245 2974 econ-

140 3004 228 3078 iwlurs
242 3014 399 3098 petendae
415 3013 645 3079 necessitatem
664 3018 856 3078 monstrent.
892 3013 943 3079 Ea
962 3018 1072 3080 autem
1090 3019 1125 3081 et
1142 3016 1246 3081 maior

139 3116 264 3185 ducor
285 3142 346 3206 pro
368 3141 404 3184 re
426 3123 618 3203 comparata
641 3118 794 3184 Bembini
820 3120 896 3185 libri
923 3121 1094 3207 integritas
1118 3123 1181 3187 etsi
1205 3124 1245 3189 ad

139 3218 275 3309 diaplura
288 3230 425 3312 spectat,
442 3230 552 3291 tamen
570 3231 699 3311 praeter
715 3227 840 3311 reliqua
854 3227 887 3291 in
903 3249 965 3292 uno
980 3249 1083 3313 eoque
1101 3231 1244 3295 omnium

136 3331 294 3410 parasino
308 3334 525 3419 corruptionis
539 3354 657 3419 genere
672 3335 821 3415 cernitur,
830 3334 892 3398 hoc
902 3339 953 3398 est
965 3335 1000 3400 in
1013 3336 1246 3417 termodestone

134 3452 163 3496 ⁸¹
176 3437 437 3524 depromis
459 3444 541 3505 orta.
587 3439 863 3516 Quemadmodum
886 3441 972 3504 enim
996 3441 1244 3525 depravatorum

133 3535 253 3613 iloodd
276 3549 472 3633 scriptorum
498 3546 582 3612 aliae
611 3547 750 3612 aliorum
777 3569 911 3613 caussae
939 3551 1017 3612 sunt
1042 3547 1245 3632 praecipuae,

133 3666 186 3733 Μ,
206 3659 237 3720 ut
258 3655 320 3720 hoc
342 3658 431 3740 utar,
458 3652 683 3719 Plautinarum
707 3654 962 3738 corruptelarum
986 3655 1091 3738 primo
1114 3655 1149 3720 iu
1172 3654 1244 3721 loco

133 3750 300 3835 minata
318 3762 471 3828 habenda
489 3784 559 3827 esse
574 3762 759 3828 monuimus
777 3762 798 3826 l.
813 3784 838 3827 c.
852 3784 882 3845 p.
890 3762 953 3827 748
970 3760 1099 3846 [Opusc.
1109 3785 1140 3847 p.
1153 3763 1244 3844 182]:

132 3856 203 3930 ibin
213 3868 353 3937 Terentii
372 3870 493 3935 fabulis
510 3869 635 3934 nullum
655 3873 705 3934 est
723 3869 785 3935 hoc
800 3870 1039 3953 depravationis
1053 3892 1170 3957 genere
1184 3870 1244 3935 ire

132 3976 260 4048 emta.
296 3977 389 4055 Quod
408 3981 442 4043 et
459 3978 507 4043 ita
522 4000 591 4043 essa
607 3982 640 4043 et
658 3978 891 4062 propemodum
909 3977 1044 4042 dixerim
1063 4000 1130 4043 non
1148 4000 1244 4062 posse

132 4090 182 4140 Μ
201 4080 242 4148 ila
267 4106 336 4150 esse
363 4085 527 4150 neminem
555 4085 650 4150 facile
674 4086 809 4170 fugiat‚‘
825 4086 879 4170 qui
904 4107 969 4149 non
992 4107 1123 4170 prorsus
1147 4085 1243 4150 hodie

133 4174 250 4265 tatas
276 4192 382 4259 oculis
405 4190 598 4277 Basilicani,
620 4193 786 4276 Vaticani,
809 4192 1019 4258 Ambrosiaui
1047 4193 1187 4277 speciem
1210 4200 1243 4258 et

134 4290 321 4363 ooutlioicnem
351 4303 518 4365 externam
549 4301 727 4365 intueatur:
759 4322 896 4384 quorum
926 4300 1073 4387 singulae
1102 4302 1242 4385 paginae

133 4407 183 4460 Μ
209 4404 329 4471 tautum
364 4406 507 4490 repletae
544 4412 620 4472 sunt
654 4416 687 4472 et
719 4411 872 4492 tanquam
904 4408 1030 4474 obsitae
1063 4407 1243 4492 adscriptis,
