2932 5026
484 322 761 375 numenmnuvu
782 324 905 377 amans.
1203 312 1271 381 ete

139 474 196 555 put
211 490 243 535 se
261 466 395 535 tatmnt
414 466 450 547 t,
474 486 595 551 quoqne
613 488 721 553 genere
742 469 983 535 enuntiationem
1005 490 1069 535 non
1090 470 1270 557 &patient

139 576 189 643 tiis
216 575 316 663 igitur
343 574 374 641 si
403 572 463 641 illa
491 574 736 642 continuantur:
768 580 928 661 weduna
953 576 990 641 in
1017 576 1097 643 tr'tro
1121 599 1213 663 ouem
1232 582 1271 647 de

133 682 325 771 mutor
351 680 454 749 Varro
479 681 605 765 nupsit
630 702 658 747 e.
681 704 711 769 q.
735 705 770 768 s,
801 684 873 769 ipsa
899 682 1052 769 protecto.
1072 687 1159 751 recte
1181 686 1270 773 cogi·

135 790 215 859 andi
234 790 320 857 ratic
341 788 475 873 evincit,
497 792 536 854 nt
557 809 597 855 ex
620 788 696 875 alio,
717 812 785 857 non
808 812 846 856 er
870 789 985 857 eodem
1003 789 1162 858 Varronis
1184 792 1269 860 libro

133 898 208 965 iaec
235 900 333 983 utqm
364 894 534 983 superiora
565 896 712 981 expromi
745 896 926 963 creduntur.
971 896 1094 975 Quodsi
1126 899 1200 985 quis
1229 900 1269 966 de

132 1002 219 1073 libris
240 1002 373 1089 linguae
401 1002 524 1068 latinae
551 1002 689 1089 rogitet,
721 1025 860 1089 quorum
887 1004 992 1090 primo
1023 1005 1158 1071 tractari
1187 1005 1270 1073 talia

132 1110 298 1201 potuerint:
333 1108 397 1176 etsi
433 1108 496 1175 hoc
532 1108 749 1177 demonstrari
786 1110 900 1196 nequit
935 1132 1002 1177 non
1032 1096 1167 1177 iactum'
1188 1134 1269 1197 esse,
1282 1138 1310 1179 ns

135 1222 236 1285 tamen
258 1238 325 1284 nou
350 1214 478 1283 levibus
505 1214 635 1283 indiciis
666 1215 860 1301 quibusdam
882 1215 916 1282 in
939 1217 1038 1302 longe
1061 1218 1159 1284 aliam
1182 1218 1269 1285 viam

138 1324 208 1391 tuci
224 1323 376 1391 ridemur.

216 1430 243 1496 2.
284 1428 445 1515 Spectant
469 1428 557 1495 enim
584 1432 618 1496 et
646 1428 704 1494 illa
730 1434 764 1495 et
792 1429 858 1495 alia
884 1430 1053 1516 complura
1079 1431 1269 1498 testimonia

137 1532 337 1620 varroniana,
358 1538 393 1601 et
414 1556 454 1599 ea
476 1534 607 1620 quidem
630 1534 673 1601 ab
696 1534 952 1623 orthographiae
969 1536 1175 1622 potissimum
1193 1558 1268 1603 anc-

139 1641 251 1709 tnntnr
275 1640 420 1729 proditu,
451 1639 493 1707 ad
521 1662 595 1707 earn
624 1645 769 1727 partem.
782 1643 1014 1727 grammaticae
1040 1664 1123 1729 quae
1150 1646 1202 1709 est
1227 1643 1267 1710 de

137 1746 244 1815 litteris
266 1748 369 1835 deque
395 1751 484 1815 recte
510 1748 755 1815 scribendorum
778 1748 950 1815 verborum
972 1750 1108 1815 munna
1153 1748 1267 1835 anue

137 1872 243 1922 muna
269 1854 370 1921 imane
401 1853 544 1938 ridetur,
580 1876 638 1920 cur
673 1853 768 1920 tetros
801 1854 839 1919 de
873 1854 1093 1939 orttopruptia
1124 1854 1266 1921 Varroni
1339 1932 1344 1943 ¹

135 1954 272 2047 Mesene
298 1962 336 2027 in·
362 1958 428 2029 cie.
455 1960 628 2045 Brutus,
652 1960 714 2027 101
745 1959 918 2025 tribueret:
951 1960 1041 2027 nullu
1071 1961 1105 2026 id
1135 1961 1266 2047 quidem

134 2060 241 2135 idoneo
265 2072 473 2156 argumento,
505 2066 561 2133 sed
589 2066 764 2153 pedisequo
787 2064 952 2133 Ellendtio
979 2091 1010 2154 p.
1033 2068 1099 2134 369
1122 2067 1170 2134 ed.
1192 2090 1267 2135 nor.

136 2166 219 2245 ΟΜ
233 2176 284 2243 rix
300 2174 391 2243 credi
408 2176 520 2261 potest
537 2196 558 2240 a
576 2173 697 2240 vitiosa
714 2172 801 2258 apud
815 2172 1017 2241 Prisciauum
1031 2174 1081 2241 111
1094 2198 1125 2261 p.
1137 2176 1200 2242 122
1210 2174 1266 2243 Kr.

137 2278 281 2367 ‘tn'ptura
306 2280 409 2349 Varro
439 2281 476 2347 in
506 2279 726 2365 orthographia
756 2279 923 2365 profectos
954 2304 1039 2367 esse,
1070 2303 1169 2368 quarn
1199 2281 1266 2348 iam

138 2372 293 2455 Prummu
321 2410 355 2475 p.
377 2386 443 2455 609
474 2391 658 2454 mutaverat
686 2387 720 2451 in
748 2386 985 2471 etoropraptia,
1017 2390 1138 2456 rectius
1166 2388 1266 2455 etiam

138 2478 330 2561 Wueilnerna
362 2495 402 2560 de
424 2493 519 2559 Varr.
541 2492 635 2560 Atro.
658 2517 689 2579 p.
712 2494 770 2578 24,
803 2495 852 2560 cui
881 2494 1057 2561 Merkelius
1089 2495 1267 2561 assentitur

138 2596 242 2671 unlus.
255 2602 295 2667 ed
309 2600 418 2669 Ovidii
432 2600 505 2667 Ibin
525 2624 554 2685 p.
565 2601 639 2685 361,
662 2601 791 2666 videtur
809 2601 843 2666 in
862 2602 1094 2685 cosmopraptio
1115 2606 1266 2667 mutasse.

139 2692 310 2775 OtKrehlii
329 2715 440 2775 annot.
458 2708 544 2774 vol.l
565 2731 595 2792 p.
605 2709 680 2773 276.
714 2707 776 2773 Sed
800 2708 840 2773 ad
864 2707 945 2772 illud
968 2730 1069 2794 genus
1092 2707 1172 2772 haee
1195 2731 1266 2793 per·

138 2801 230 2880 tinent
250 2814 393 2881 eiusdem
415 2815 572 2880 Prisciani
597 2815 612 2880 l
635 2839 665 2900 p.
681 2816 746 2880 556
761 2814 796 2881 P.
820 2815 861 2880 37
878 2814 943 2899 Kr.,
968 2838 1005 2880 ex
1029 2814 1266 2900 antiquissimis

139 2916 285 2988 codicibus
310 2920 535 3007 redintegrata
562 2945 582 2986 a
612 2920 787 3006 Spengelio
815 2920 916 3005 praei.
940 2920 1033 2987 Varr.
1062 2944 1092 3005 p.
1117 2922 1149 2984 7:
1186 2923 1268 3004 qnod

141 3025 251 3093 aaut
275 3030 376 3095 Varro
404 3030 440 3093 in
463 3030 566 3111 primo
593 3029 630 3093 de
652 3029 770 3111 origine
793 3029 917 3111 linguae
940 3028 1057 3092 latiores
1078 3027 1128 3093 nis
1151 3027 1265 3093 vote:

143 3119 185 3193 'tt
203 3134 255 3201 Ion
275 3136 394 3215 sentit,
421 3135 531 3217 quinta
558 3140 587 3199 et
607 3136 750 3199 circnma
776 3140 819 3200 est
842 3133 907 3221 (qn.
929 3136 983 3200 uic.
1006 3140 1050 3200 est
1073 3133 1140 3219 Sp.)
1164 3135 1266 3199 littora

145 3251 221 3313 mn
245 3265 337 3329 apnno
365 3247 488 3318 occant,
519 3243 607 3306 asinos
635 3242 738 3321 forum
769 3242 858 3305 nulla
886 3245 914 3306 et
940 3262 999 3306 vox
1025 3242 1196 3306 eunomianis
1224 3246 1267 3306 est

148 3336 253 3416 Graes
272 3356 301 3415 et
321 3349 457 3425 latinia,
480 3352 515 3410 nt
536 3346 586 3411 ors
608 3346 723 3411 vebis:
747 3349 885 3429 opperiris,
908 3368 1028 3430 oppam,
1051 3349 1198 3431 oppetita,
1221 3350 1266 3431 ip·

149 3460 241 3525 mni
261 3458 294 3523 in
311 3455 521 3522 huiusmodi
539 3452 652 3519 Graeci
669 3458 698 3517 et
711 3454 825 3517 Accius
842 3458 945 3516 noster
966 3452 1041 3517 tina
1060 3474 1100 3535 pp
1121 3453 1266 3523 content.

150 3552 227 3625 aare
245 3568 272 3626 et
288 3560 332 3645 p?
365 3559 464 3646 Ergo,
487 3558 689 3624 Priscianum
714 3559 742 3623 si
767 3558 939 3642 sequimur,
962 3558 1001 3622 de
1024 3558 1143 3623 littaris
1160 3557 1265 3623 Varro

153 3667 270 3743 sunno
296 3667 416 3732 libris
443 3665 488 3730 de
512 3666 665 3752 origine
689 3667 846 3752 linguae
871 3666 1037 3755 latinae.¹
1075 3664 1150 3731 Non
1173 3666 1265 3751 igno-

153 3779 233 3837 remus
261 3773 520 3839 aVarronianis
554 3773 675 3839 criticis
708 3774 912 3839 Priscianum
946 3774 1126 3838 existimari
1158 3773 1265 3857 ipsum

154 3862 293 3965 delingua
315 3879 421 3945 latina
444 3880 563 3945 librum
587 3880 742 3964 primum,
766 3881 819 3965 qui
843 3885 930 3945 esset
952 3880 991 3945 de
1014 3880 1139 3965 origine
1163 3881 1183 3943 Ι.
1201 3880 1266 3963 lat,

155 3967 273 4052 eroum
296 3986 455 4052 voluisse:
478 3987 576 4051 simili
600 3986 760 4051 brevitate
785 3986 911 4051 dicendi
935 3990 1033 4070 atque
1057 3986 1144 4065 tertio
1158 3985 1265 4051 Rircto

157 4078 257 4157 'iterum
282 4094 404 4160 dixisse
432 4095 529 4161 nobis
552 4094 642 4159 visus
666 4101 717 4159 est
740 4116 848 4179 supra.
893 4093 1017 4158 Verum
1041 4115 1112 4157 eam
1136 4092 1265 4178 quidem

157 4192 337 4267 euenum
369 4200 508 4267 multum
538 4201 730 4285 labefactat,
763 4202 862 4265 immo
893 4200 1009 4265 eremit
1040 4198 1196 4283 Apuleius
1227 4197 1265 4262 de

158 4286 333 4394 diphthongis
348 4332 380 4393 p.
393 4309 456 4372 125
467 4308 534 4373 os:
552 4308 667 4373 oranius
684 4307 790 4373 senon
806 4307 966 4372 Terentius
985 4307 1085 4371 Varro
1104 4306 1138 4369 n
1156 4304 1267 4369 oreris

157 4392 294 4493 diffluet
315 4416 435 4481 latinae
456 4416 580 4498 tioeprooe
602 4415 787 4498 quibusdam
804 4414 959 4497 placuisse
975 4434 1034 4497 per
1050 4434 1087 4479 ae
1103 4410 1265 4495 dirrtttsou·
