2932 5026
261 107 327 173 224
652 125 690 170 m
713 123 824 171 vmnu
848 123 1015 170 sansacu

261 269 414 333 Roman
440 267 567 331 duodus
594 266 700 331 bellica
723 267 844 348 praeda
869 265 929 347 fui.
974 262 1068 328 Vnde
1097 285 1225 329 rursum
1254 265 1323 329 vita
1350 264 1443 337 Pe·

261 378 388 440 trancas
419 372 568 457 prosecta
598 393 621 436 a
654 371 808 437 Rmuuais
838 371 965 436 desua
994 377 1118 454 captum
1147 371 1237 437 dicit.
1286 369 1441 442 contra

262 480 423 564 Schopeni
446 481 651 546 coniecturae
674 480 783 543 favere
807 478 875 542 vita
898 476 1042 544 Siceonis
1065 478 1241 543 Polentoni
1264 477 1435 565 (Pares-g.

263 587 367 652 Plaut.
381 610 412 671 p.
422 585 502 672 635)
521 587 693 669 videretur,
716 586 750 650 in
770 607 834 669 qua
853 590 904 649 est
919 606 997 667 puer
1014 591 1121 668 captus
1140 586 1215 651 bello
1233 585 1430 651 &Romam

208 713 249 752 aaa
263 694 384 778 ducitis,
410 693 476 758 nisi
499 695 557 758 illa
581 716 619 758 ex
642 695 714 778 ipso
738 693 892 757 Petra-rea
915 690 1013 757 ducta
1036 699 1129 758 esset
1154 730 1195 739 -
1225 691 1424 777 Speciosior

264 807 372 865 autem
396 823 492 885 quam
510 801 616 866 verior
635 800 777 864 eiusdem
797 798 910 865 Rothii
928 798 1108 882 disputatio
1127 799 1207 863 haec
1226 803 1291 863 est:
1315 795 1416 863 ‘urst

264 907 350 972 daun
378 908 457 973 wird
486 909 538 973 ein
562 906 746 992 Vorschlag
773 908 987 993 hefriedigsn,
1020 928 1114 971 werm
1142 905 1287 970 dadurch
1311 905 1406 971 aaa

264 1017 384 1081 stella's
417 1014 691 1101 Argumentation
727 1014 836 1078 klarer
867 1012 962 1095 wind,
999 1013 1060 1076 wie
1093 1013 1145 1077 die
1177 1011 1294 1077 Worte
1326 1012 1402 1095 jetat

264 1125 384 1207 lacten,
408 1124 474 1187 will
499 1144 533 1186 er
556 1143 662 1207 gagen
684 1122 736 1186 die
759 1119 1153 1206 Kriegsgefangenschaft
1176 1119 1233 1184 des
1256 1118 1397 1186 Dichters

264 1231 429 1314 sprechen,
452 1229 623 1314 widerlegt
646 1230 724 1293 aber
747 1228 861 1292 desaen
885 1227 1100 1292 africanische
1122 1226 1313 1293 Herlmnft’
1351 1225 1401 1292 Ni·

264 1340 383 1403 mirum
405 1338 451 1401 sic
475 1341 611 1420 apparet
634 1335 790 1401 Rothium
813 1334 1016 1418 ratiocinari:
1047 1335 1075 1399 si
1097 1356 1158 1400 nec
1181 1335 1270 1401 bello
1293 1339 1404 1419 eaptus

265 1446 309 1509 sit
336 1468 356 1509 a
383 1443 554 1526 Romanis,
584 1464 644 1507 nec
672 1443 900 1509 commercium
928 1443 1014 1507 inter
1040 1442 1173 1507 ltaliam
1200 1447 1235 1508 et
1263 1441 1408 1507 Africam

267 1556 342 1615 ante
364 1551 503 1615 deletam
526 1548 763 1634 Karthaginem
785 1550 887 1614 ullum
911 1549 1022 1633 fuerit,
1050 1571 1113 1613 non
1142 1549 1290 1633 potuisse
1317 1549 1410 1615 illmn

267 1658 399 1722 omnino
423 1656 625 1742 Karthagine
649 1656 787 1722 Romam
810 1657 877 1721 ullo
902 1657 997 1721 modo
1020 1657 1196 1740 pervenire.
1228 1655 1354 1722 Verum
1372 1678 1413 1721 ne

266 1764 353 1828 inter
375 1763 481 1848 ipsam
505 1763 741 1848 Karthaginem
765 1764 895 1848 quidem
919 1768 953 1829 et
975 1762 1105 1828 Italiam
1129 1763 1232 1828 ullum
1255 1784 1436 1829 commer·-

266 1870 352 1934 cium
378 1870 602 1936 intercessisse
630 1870 703 1956 quis
731 1872 782 1936 vel
811 1873 986 1937 contendat
1014 1871 1064 1937 vel
1093 1871 1242 1937 contendi
1267 1894 1289 1936 a
1312 1871 1414 1937 Fenc-

267 1976 364 2040 stella
391 1976 455 2041 sibi
483 1977 698 2060 persuadeat?
749 1977 851 2054 Quem
879 1976 1122 2062 apertissimum
1151 1979 1203 2040 est
1230 1976 1270 2041 de
1299 1976 1416 2043 Numi·

266 2083 378 2148 darum
393 2082 677 2168 Gaetulorumque,
700 2105 765 2149 non
788 2084 827 2148 de
841 2082 1167 2168 Karthaginiensium
1190 2102 1265 2146 cum
1288 2081 1416 2149 Italicis

266 2190 458 2255 commercio
495 2190 649 2275 cogitare.
704 2190 742 2254 ln
779 2213 877 2276 quam
914 2195 1041 2274 partem
1078 2188 1177 2253 verba
1213 2187 1417 2255 Suetoniana

130 2322 133 2331 ·
266 2295 406 2362 Rothins
429 2297 519 2362 nullo
543 2299 675 2384 negotio
699 2299 746 2364 sic
765 2299 873 2383 potuit
890 2298 1060 2363 deflectere
1078 2301 1115 2362 ut
1134 2296 1291 2380 scriptum
1311 2297 1417 2363 fnisse

267 2405 346 2469 atter
375 2402 503 2471 Italicos
531 2410 560 2470 et
589 2407 725 2485 [ceteros]
754 2405 853 2486 Afros
883 2405 1061 2470 coniceret:
1104 2403 1153 2467 ita
1185 2403 1271 2468 euim
1304 2404 1418 2471 omnis

265 2510 467 2577 Fenestellae
496 2512 704 2577 ratiocinatio
733 2513 828 2576 firma
854 2517 888 2576 et
915 2510 1088 2596 perspicua
1114 2513 1147 2575 et
1171 2510 1234 2575 sibi
1257 2515 1417 2577 constans

266 2618 383 2700 prodit.
420 2616 483 2683 Sed
506 2641 548 2684 ne
570 2619 632 2684 hoc
655 2619 784 2705 quidem
808 2619 1001 2685 adminiculo
1026 2639 1106 2702 opus
1130 2622 1194 2682 est:
1217 2639 1296 2683 nam
1314 2618 1419 2700 Afros

266 2745 339 2788 cum
363 2725 442 2790 dicit
456 2724 639 2809 Suetonius,
661 2748 727 2791 non
751 2727 833 2791 alios
855 2726 920 2790 nisi
944 2730 1068 2790 ceteros
1092 2729 1221 2808 praeter
1234 2722 1418 2811 Karthagi-

266 2830 395 2895 nienses
426 2833 562 2916 populos
596 2833 730 2918 cogitat.
776 2833 968 2898 Plenissime
1000 2833 1047 2896 ita
1076 2831 1187 2896 Livius
1218 2848 1346 2915 xxvm,
1371 2833 1418 2897 44

267 2935 539 3020 ‘Kartdopinieusc'
559 2939 642 3003 nihil
666 2938 772 3004 ciuilis
795 2939 922 3004 roboris
945 2944 1008 3004 est:
1032 2938 1177 3004 mercede
1200 2944 1334 3023 paratos
1355 2939 1416 3003 mi·

266 3043 342 3107 lites
366 3044 490 3108 habent
512 3045 610 3127 Afros
633 3045 877 3128 Mamudaaqus':
901 3046 1098 3130 eandemque
1122 3047 1155 3110 in
1178 3049 1306 3129 partem
1329 3044 1415 3109 eiua·

267 3150 340 3213 dem
362 3151 441 3216 haec
464 3152 576 3217 valent
598 3171 698 3236 xxlx,
721 3154 742 3217 3
771 3152 932 3219 ‘mercede
955 3153 1063 3237 parari
1087 3152 1207 3216 auxilia
1231 3173 1269 3216 ex
1294 3149 1415 3234 Afria',

267 3256 292 3323 οξ
316 3260 337 3322 4
365 3257 422 3328 ‘ad
450 3259 656 3324 conducenda
679 3260 832 3340 Afrorum
861 3259 1012 3325 auxilia':
1046 3280 1131 3353 quae
1153 3259 1234 3324 item
1258 3257 1415 3342 opposita

267 3370 343 3429 sunt
365 3365 688 3451 Karthaginiensium
717 3367 853 3433 notioni.
908 3367 969 3433 His
998 3367 1123 3451 pridem
1156 3365 1287 3450 scriptis
1320 3385 1414 3429 suam

267 3471 435 3536 nobiscum
459 3473 676 3538 coniecturam
690 3471 911 3539 Mommsenus
935 3473 1162 3556 communicat,
1185 3495 1250 3558 qua
1272 3491 1413 3556 pergens

267 3577 302 3642 in
316 3577 478 3662 Sehopeni
501 3579 563 3663 via,
586 3580 641 3644 sed
665 3579 705 3644 ad
728 3581 886 3647 librorum
909 3582 1005 3647 fidem
1029 3581 1139 3665 aliqua
1160 3601 1199 3644 ex
1222 3584 1316 3664 parte
1339 3599 1413 3662 pro·

266 3685 340 3768 pius
363 3684 518 3751 accedens
541 3688 706 3752 adductum
729 3687 864 3753 Romam
886 3689 992 3753 uenire
1008 3689 1146 3770 poluisse
1168 3686 1332 3771 proponit

356 3789 432 3874 Pag.
457 3792 525 3869 205,
548 3795 578 3858 ll
601 3797 707 3860 trudat
730 3846 737 3861 .
760 3847 768 3860 .
792 3846 799 3860 .
820 3795 920 3876 faeiat
942 3795 1175 3864 coniunctium,
1188 3797 1344 3859 constans
1367 3791 1415 3857 lo·

269 3899 387 3983 quendi
414 3901 611 3966 consuetudo
636 3900 783 3966 Suetonii
811 3900 916 3988 (cuius
945 3901 1017 3987 plus
1042 3899 1159 3986 viginti
1183 3898 1332 3983 exempla
1354 3919 1414 3962 nn-

269 4006 406 4089 meravi)
424 4027 497 4071 cum
515 4007 568 4072 hic
587 4006 777 4092 postulabat
795 4011 865 4072 tum
884 4006 970 4071 infra
986 4005 1153 4090 'p.207,11
1178 4005 1325 4086 mmsis
1344 4002 1416 4068 Vol·

268 4114 368 4177 colicas
391 4163 398 4176 .
422 4162 429 4176 .
453 4162 460 4175 .
482 4114 602 4178 sochol.
645 4113 818 4179 Simillimo
843 4114 990 4197 exemplo
1013 4113 1156 4194 quamuis
1176 4113 1243 4194 ipae
1264 4112 1301 4175 ia
1322 4109 1415 4174 histo

268 4222 326 4285 riis
344 4221 410 4284 aas
426 4222 541 4301 prodat
562 4220 646 4286 dixit
668 4227 700 4285 in
725 4221 794 4285 vita
816 4221 845 4284 d.
869 4218 996 4285 Claudii
1020 4219 1112 4298 a21.
1143 4217 1361 4283 Indieativum
1385 4217 1415 4281 ei
