2932 5026
415 324 418 329 ·
563 318 849 371 oomurfflvs.
1210 304 1278 373 265

162 460 226 529 sn
242 462 354 533 brun
380 484 422 529 an
442 458 616 529 Terentius
637 458 711 529 zois
734 460 845 529 niohta
866 484 905 529 so
927 460 1155 551 verborgenss
1178 462 1281 551 mehr,

80 650 87 663 ,
158 566 1280 659 dnmdimmgesegtvsrdenkonntsrdubringstaianns

80 684 84 691 '
150 674 249 745 iadis
262 674 526 745 Msntliobkait
545 676 691 745 bersan.
727 675 819 743 nuo
839 676 926 745 rolri
946 676 1040 745 nieht
1060 678 1198 761 defers,
1221 676 1282 745 rie

145 782 180 853 ll.
202 782 415 868 mutilata,
435 782 520 851 vird
541 780 656 851 Oioero
679 783 893 871 gesobriebsu
914 782 1038 871 haben,
1060 784 1201 853 eundern
1222 786 1282 869 os·

138 890 228 975 [ors.
253 886 427 957 Nsttrlielr
443 886 547 977 nieht,
569 890 643 957 weil
660 890 798 975 rustilig
815 912 853 957 so
876 890 911 957 in
928 890 987 958 dar
997 892 1139 981 jungam
1151 890 1283 959 Pariser

137 996 223 1065 11&
246 992 352 1085 (niobt
380 992 419 1063 in
444 994 504 1063 der
528 992 633 1085 siun)
659 995 808 1063 svirkiiah
835 995 939 1083 steht,
971 997 1112 1065 sandoro
1144 998 1219 1065 weil
1247 1020 1284 1065 ar

134 1100 227 1171 sueb
244 1100 442 1171 nunus
465 1101 600 1171 sunnon
621 1104 832 1189 gesobrieben
853 1104 928 1190 bat,
949 1104 1012 1171 wie
1034 1104 1075 1171 de
1096 1104 1181 1171 offic.
1203 1104 1230 1190 Ι,
1253 1106 1284 1191 l,

132 1208 188 1277 22
207 1230 374 1279 mser
388 1210 594 1278 stillatim
610 1212 769 1279 medium
785 1196 939 1295 offerre.
979 1210 1048 1279 Das
1065 1210 1180 1279 butten
1197 1232 1285 1278 arar

133 1316 230 1385 auu
246 1316 296 1385 dio
307 1316 506 1407 Vorunnger
526 1314 629 1385 sebon
650 1317 783 1405 gethan,
805 1319 885 1385 aber
904 1317 998 1385 nieht
1014 1316 1128 1385 audatis
1144 1318 1284 1401 muns,

135 1420 263 1491 nndin
282 1422 416 1493 (lioaros
439 1421 539 1491 Sinna
560 1422 644 1493 suala
666 1424 756 1492 wohl
777 1425 870 1492 nieht
891 1424 994 1491 Ιοϋοο
1014 1422 1102 1491 wod
1125 1420 1161 1491 O.
1183 1422 1251 1507 W.]

230 1528 303 1617 lag.
322 1530 435 1608 tim
464 1532 628 1617 quiddam,
657 1552 718 1619 pro
745 1553 810 1619 quo
840 1530 928 1618 quud
955 1530 991 1598 in
1017 1528 1134 1599 ueteris
1155 1534 1287 1617 preater

141 1638 279 1707 ”tuan
304 1636 492 1707 Parisinnm
520 1636 615 1705 libris
644 1642 752 1705 exstat
779 1639 857 1723 quid
875 1638 959 1723 quod
986 1635 1037 1703 vel
1065 1636 1218 1721 quidquid
1244 1658 1285 1705 na

147 1736 285 1833 intellegi
320 1744 453 1833 qnidam
487 1747 612 1831 potest,
652 1745 835 1813 reotissimo
870 1742 991 1811 iudieio
1026 1744 1093 1811 iam
1128 1740 1285 1809 Pithoeus

155 1850 577 1941 mpitEpigrummatnm
594 1856 628 1919 et
644 1856 833 1939 poematum
850 1856 997 1919 veterum
1014 1874 1045 1937 p.
1058 1851 1103 1917 42
1121 1848 1169 1915 ed.
1182 1848 1287 1937 Lugd.

126 2036 132 2047 ,
159 1970 186 2017 ι
203 1956 288 2046 itit,
307 1958 463 2045 probarit
482 1962 560 2044 post
581 1956 756 2033 Nicolaum
778 1958 951 2025 Heinsium
973 1957 1008 2025 in
1030 1956 1124 2025 oria
1141 1956 1240 2023 Trist
1253 1976 1288 2045 v,

163 2056 190 2144 l,
206 2064 243 2133 18
266 2064 476 2133 Burmannus
498 2062 721 2151 Anthologiae
746 2064 847 2134 voli
873 2086 906 2151 p.
927 2064 1008 2150 410,
1038 2064 1123 2131 mim
1150 2062 1287 2131 oonsilio

162 2166 257 2240 utut
283 2170 351 2239 alia
380 2175 458 2239 ants
486 2192 522 2239 sa
551 2174 639 2239 reate
666 2171 799 2239 brenta
825 2170 951 2258 sprevit
975 2168 1127 2259 lleyerus
1149 2170 1287 2237 Anthol

159 2270 242 2365 wisi.
270 2278 325 2347 64.
361 2314 404 2329 --
440 2282 533 2364 atque
566 2300 628 2366 pro
658 2298 697 2346 ao
726 2278 950 2365 reponendum
980 2276 1049 2345 ium
1078 2276 1287 2345 Burmannus

229 2488 355 2558 lbidom
380 2494 459 2577 post
479 2491 605 2576 lupum
626 2512 740 2559 vocem
763 2491 881 2559 misere
904 2493 1065 2579 languens
1086 2492 1191 2559 dorus
1212 2514 1285 2579 par·

157 2586 287 2682 taipium
317 2596 386 2665 ium
409 2596 575 2665 Ciceronis
609 2598 787 2665 editoribus
820 2598 1012 2684 quibusdem
1047 2597 1286 2684 antiquioribus
1317 2602 1328 2621 '

161 2700 311 2771 offensioni
329 2704 403 2790 fuit,
420 2728 440 2770 a
458 2703 575 2791 quibus
594 2706 735 2789 linqueres
754 2704 910 2791 seriptum
928 2704 1074 2769 invenio:
1097 2704 1184 2790 ‹puod
1203 2705 1286 2771 unde

159 2810 279 2884 petitum
298 2811 413 2876 situel
433 2811 510 2897 qnid
529 2812 591 2878 sibi
612 2813 699 2895 velit,
723 2814 839 2898 ignoro
854 2811 944 2877 iuxta
958 2833 1031 2876 enm
1046 2811 1284 2897 ignarissnmis.
1298 2837 1338 2878 aas

162 2903 214 2981 Nea
234 2914 399 3003 Scaligero
426 2918 528 2983 diceas
555 2918 728 2984 tolerabile
751 2919 872 3002 visum,
904 2923 941 2983 ut
968 2917 1024 3003 qni
1051 2920 1158 2983 esseio
1184 2920 1289 2986 duricia

159 3035 281 3096 prom
307 3026 409 3091 tacite
437 3024 572 3090 ediderit
595 3026 629 3089 in
652 3023 828 3091 Catalaetis
852 3047 883 3109 p.
906 3024 969 3090 221
995 3024 1043 3090 ed.
1066 3024 1237 3092 Linderlbr.
1260 3051 1288 3092 a.

165 3125 237 3194 1617.
283 3128 377 3206 Quod
400 3151 474 3195 aum
498 3151 517 3194 a
540 3130 752 3196 similitudine
781 3130 966 3196 litterarum
990 3152 1105 3215 parum
1128 3152 1289 3217 commen7

161 3230 284 3302 dationis
306 3235 441 3321 habeat,
465 3236 536 3302 vide
560 3259 638 3302 num
663 3260 680 3302 e
703 3238 910 3303 dedciodicstrs
932 3238 1051 3303 litteris
1074 3239 1192 3303 rectius
1215 3240 1288 3303 elie-

159 3343 240 3407 con‘m
263 3342 465 3409 ascletum
486 3342 554 3408 h.e.
572 3344 676 3409 dulcia
695 3344 832 3410 mumius.
869 3343 954 3409 Nam
974 3343 1058 3427 quod
1078 3364 1159 3409 nonu
1176 3342 1288 3410 Cicero

156 3444 235 3534 dicit,
258 3470 333 3514 onan
356 3449 424 3513 suis
448 3449 504 3535 qui
527 3449 612 3514 inira
634 3450 733 3534 positi
757 3455 833 3515 sunt
855 3449 1002 3515 versibus
1025 3447 1060 3515 (1.
1083 3448 1204 3515 Caesar
1226 3450 1290 3515 leo

153 3551 386 3641 interpretetur,
408 3555 526 3621 lenitas
550 3560 658 3621 autem
678 3557 778 3622 etiam
798 3556 889 3622 arida
908 3578 979 3620 esse
998 3561 1032 3620 et
1050 3556 1159 3621 ieiuna
1177 3558 1289 3641 possit,

149 3660 209 3727 iure
235 3684 295 3727 suo
325 3658 438 3726 Cicero
467 3662 627 3728 videbitur
654 3663 742 3729 omni
771 3663 932 3728 suavitate
960 3662 1092 3729 mistam
1121 3663 1289 3728 lenitatem

146 3768 174 3833 in
196 3773 298 3855 poeta
320 3768 522 3853 praedicare,
544 3773 581 3833 nt
604 3769 659 3854 qui
683 3770 771 3835 intra
793 3769 941 3834 lenitatis
965 3768 1093 3854 quidem
1118 3768 1168 3834 vel
1191 3771 1288 3835 eomi-

146 3876 220 3941 tatis
242 3872 403 3959 fines-(eo
428 3875 513 3940 enim
537 3878 663 3959 spectat
686 3875 770 3961 quod
793 3875 964 3960 praemisit
982 3874 1158 3941 Suetonius
1173 3875 1289 3943 ‘Girsro

142 3980 319 4047 tectonas
349 3978 487 4068 laudot')
516 3980 598 4046 nihii
627 3981 804 4047 dulcedinis
835 3982 995 4066 omiserit,
1025 3982 1092 4048 vim
1120 3986 1228 4047 autern
1258 3987 1290 4048 et

141 4090 346 4175 pantatem,
369 4111 450 4174 qnae
474 4090 627 4174 opposita
649 4092 700 4154 est
723 4088 865 4174 lenitati,
889 4089 1081 4155 destituerit

182 4278 187 4287 Ι
227 4194 307 4278 Peg.
331 4194 393 4270 218.
417 4195 436 4260 8
457 4195 497 4261 de
519 4195 687 4280 praeclara
709 4195 945 4280 emendatione,
968 4220 1032 4283 qua
1055 4198 1090 4263 in
1109 4195 1289 4263 Caesaris

141 4303 284 4367 carmine
315 4325 335 4366 a
364 4300 521 4387 Stephani
552 4302 656 4367 amieo
686 4307 719 4367 tu
751 4304 784 4368 in
810 4305 941 4369 summis
968 4324 986 4369 o
1015 4306 1165 4369 effectum
1192 4305 1243 4366 est
1272 4325 1289 4367 e

141 4408 281 4476 Parisini
297 4409 454 4475 memoria
468 4414 502 4475 tu
514 4410 550 4474 in
561 4410 734 4496 sstmmisso,
749 4431 815 4476 non
829 4415 879 4476 est
894 4410 980 4498 quod
994 4410 1120 4477 dicetur
1131 4407 1289 4493 pluribus.
