2932 5026
439 350 516 397 srva
541 353 787 400 risanonanvu
812 354 916 400 nissi.
1184 340 1250 404 549

116 487 280 556 undecimo.
323 490 419 558 Nunc
450 498 557 558 autern
593 496 646 579 qui
680 497 768 561 volet
801 519 859 580 pro
888 519 923 561 se
955 499 1024 581 ipse
1057 500 1250 584 experiatur,

108 615 293 683 numquam
313 600 515 684 probabilem
535 605 696 667 rationem
716 605 980 669 comminiseatur
1002 626 1067 688 qua
1085 610 1118 669 et
1136 610 1249 689 poetas

10 718 18 795 p
104 706 241 771 secundo
269 706 432 791 tertioque
459 708 558 787 libro,
586 715 619 773 et
646 710 769 774 decimo
792 711 1025 795 undecimoque
1053 711 1249 777 architectos

10 798 29 879 l·
101 806 237 895 tribnat,
260 833 320 877 nec
343 816 453 878 tamen
476 815 509 878 in
530 816 662 900 reliquis
686 818 857 901 generibus
877 818 988 902 aliquo
1007 819 1103 883 modo
1127 819 1246 903 disper·

99 911 223 982 tiendis
254 926 313 984 ant
344 922 484 984 maxime
517 927 657 1006 cognata
693 924 826 988 dirimat
858 928 914 988 aut
946 923 1077 1007 copulet
1109 925 1248 989 maxime

10 1106 13 1113 Ι
98 1014 251 1105 disparia
284 1025 386 1091 Velut
404 1027 477 1112 quis
501 1028 585 1092 ferat
605 1051 624 1091 a
647 1029 827 1093 civitatium
847 1030 1121 1113 gubernatoribus
1141 1030 1247 1114 dispa-

98 1129 191 1193 ratos
223 1132 299 1197 belli
332 1133 428 1198 daces
461 1135 660 1218 interpositis
694 1136 897 1214 artificibus?
930 1135 981 1199 vel
1015 1157 1034 1199 a
1066 1136 1182 1199 litteris
1215 1141 1248 1200 et

100 1227 281 1322 disciplinis
304 1242 387 1305 miro
410 1241 583 1307 intervallo
608 1245 769 1308 seiunctas
796 1243 905 1307 artes?
936 1243 984 1306 vel
1014 1243 1160 1326 privatae
1183 1244 1245 1307 vir·

101 1337 160 1403 iuli
186 1348 404 1432 postpositam
426 1348 555 1412 landem
580 1351 764 1433 publicam?
788 1351 837 1413 vel
858 1349 1005 1414 miscella
1024 1349 1245 1431 exemplorum

104 1448 257 1516 varietate
283 1453 466 1538 intercepta
495 1455 589 1519 unius
622 1457 842 1538 praestantiae
875 1455 979 1519 solida
1009 1455 1117 1538 capita
1149 1447 1245 1540 atque

103 1558 304 1635 aequabilia‘?
336 1560 461 1626 Horum
481 1567 589 1626 autem
614 1567 647 1625 et
666 1558 821 1626 similium
846 1560 1123 1625 incommodorum
1146 1563 1244 1627 nullis

100 1661 256 1731 machinis
283 1666 405 1731 efficies
433 1669 510 1753 quin
539 1668 649 1753 aliquo
677 1669 805 1733 laboret
835 1689 1069 1754 quemcumque
1098 1668 1244 1734 ordinem

96 1752 210 1835 im'eris
235 1776 398 1837 certarum
426 1774 580 1838 classium
613 1776 660 1839 ita
689 1774 988 1839 constituendarum
1022 1779 1059 1838 ut
1087 1798 1105 1838 a
1137 1775 1244 1858 poetis

91 1858 143 1929 fist
177 1876 316 1944 initiam.
353 1878 529 1945 Possumus
554 1881 614 1945 lroc
634 1881 826 1966 singillatim
850 1881 1001 1965 persequi
1021 1885 1054 1943 et
1076 1885 1112 1944 ut
1131 1882 1242 1964 opina·

84 1984 167 2040 mul·
195 1983 233 2047 ad
255 1987 498 2069 persuasionem
528 2010 662 2071 prorsus
686 1988 847 2071 apposite:
876 1988 939 2051 nisi
964 1986 1092 2050 inolesti
1116 2010 1186 2051 esse
1210 1988 1243 2051 in

79 2088 111 2187 {⁰
144 2106 274 2172 genere
297 2093 455 2178 nolimus,
478 2094 563 2178 quod
588 2093 683 2158 facile
704 2095 920 2178 unusquisqne
941 2098 1056 2176 suapte
1080 2095 1242 2177 experien-

74 2177 119 2240 ἥθ’
160 2198 344 2263 emetiatur.

187 2301 398 2378 Quantumvis
431 2310 539 2370 antem
572 2305 746 2370 verendum
779 2306 822 2369 sit
854 2326 895 2368 ne
928 2305 1010 2368 scire
1043 2306 1125 2370 velle
1160 2328 1242 2389 quae

66 2389 176 2472 ”⁰515
191 2416 352 2496 nequeant
370 2413 565 2497 quibusdam
585 2413 749 2476 videamur
769 2417 801 2476 et
820 2411 959 2476 aeternis
978 2410 1121 2475 tenebris
1137 2412 1240 2475 occul-

63 2493 172 2575 Μὴ.
194 2517 386 2583 mortalibus
420 2519 561 2602 superba
593 2519 776 2582 temeritate
806 2517 886 2580 velle
920 2517 1096 2597 recludere,
1130 2523 1240 2580 tamen

61 2594 151 2713 hf‘e
182 2623 311 2688 minime
335 2646 395 2689 nos
419 2629 527 2689 movet
550 2626 722 2708 quominus
744 2629 832 2687 certa
856 2629 963 2687 certae
982 2623 1239 2686 ratiocinationis

58 2722 137 2776 '¹²¹-
179 2728 216 2792 nd
244 2751 354 2794 veram
385 2733 523 2814 speciem
556 2731 777 2814 dispositionis
809 2729 1029 2794 varronianae
1057 2734 1108 2791 sat
1140 2752 1239 2812 prope

56 2827 191 2898 posse
217 2837 325 2900 accedi
354 2837 585 2901 existimemus.
623 2837 706 2902 Nam
737 2861 807 2901 cum
834 2860 930 2920 saepe
954 2835 1079 2899 accidat
1106 2843 1154 2916 nt,
1184 2837 1237 2899 ubi

56 2917 356 3028 {estimoniorum
389 2944 421 3006 vi
454 2945 682 3026 destituamur,
721 2946 789 3008 sola
827 2967 882 3026 per
915 2966 947 3005 se
981 2964 1059 3005 sana
1092 2941 1174 3004 ratic
1208 2946 1240 3003 et

57 3039 196 3110 ¹Psius
215 3049 261 3112 rei
282 3050 442 3115 evidentia
462 3054 513 3116 rel
532 3051 666 3114 suadeat
684 3053 735 3114 vel
755 3052 866 3115 iubeat
889 3049 963 3135 quid
984 3049 1027 3112 sit
1045 3048 1240 3131 amplecten-

55 3121 185 3235 duln,
210 3158 280 3217 tum
310 3155 390 3219 haec
419 3157 564 3239 profecto
589 3178 703 3219 caussa
731 3158 775 3219 ita
800 3161 989 3239 comparata
1013 3160 1060 3218 est
1091 3158 1138 3235 ut,
1167 3177 1239 3217 cnm

56 3249 198 3324 Pl‘ima
221 3262 327 3345 specie
351 3262 446 3346 longe
471 3262 629 3345 plurimae
654 3261 856 3325 coniectandi
882 3263 951 3324 viae
974 3266 1085 3344 patere
1108 3261 1239 3323 ridean-

56 3336 291 3458 t}¹1,lamen
315 3368 487 3452 diligenter
509 3368 676 3451 perpensis
701 3369 838 3452 singulis
860 3390 921 3430 una
943 3367 1014 3429 sola
1037 3368 1237 3450 relinquatur

58 3439 194 3538 hbera
221 3497 241 3538 a
269 3475 527 3538 dubitationibus
559 3475 718 3538 omnibus.
757 3474 832 3538 Sola
860 3475 1058 3536 divinatione
1082 3472 1236 3535 utendum

63 3566 176 3645 Qssset
203 3603 305 3664 eaque
337 3581 460 3663 inutili,
493 3583 520 3645 si
554 3583 591 3646 de
623 3583 740 3666 viginti
769 3581 930 3663 capitibus
963 3579 1107 3662 quaestio
1143 3582 1237 3660 esset,

69 3681 206 3755 quibua
235 3686 362 3768 generis
394 3685 528 3751 humani
561 3686 689 3751 laudem
719 3708 845 3750 omnem
875 3685 976 3748 Varro
1011 3685 1236 3748 conclusisset:

78 3794 202 3857 eontra
231 3792 517 3856 demonstrationis
546 3794 760 3877 probabilitas
790 3793 823 3855 in
854 3797 1003 3874 promptu
1029 3796 1091 3872 est,
1120 3789 1173 3852 ubi
1204 3789 1235 3852 id

90 3901 197 3985 agam
221 3902 346 3963 utnon
375 3899 483 3982 plures
512 3923 608 3984 quam
634 3904 757 3982 septem
781 3899 900 3961 classes
929 3896 1120 3980 principales
1149 3896 1236 3958 inda·

94 4012 207 4089 gantur
238 4006 342 4070 totius
374 4004 533 4070 hnmanae
567 4006 774 4070 excellentiae
808 4026 949 4088 capaces.
996 4002 1106 4086 Neque
1140 4002 1236 4084 enim,

10 4162 12 4169 -
95 4114 239 4197 quamdin
269 4133 332 4176 nna
360 4111 534 4195 eademque
563 4117 613 4175 est
638 4115 754 4174 natura
782 4110 963 4188 hominum,
993 4131 1099 4173 rerum
1123 4108 1235 4172 huma-

94 4241 203 4285 narum
233 4219 284 4283 vel
313 4240 370 4301 per
397 4219 566 4282 decursum
595 4217 795 4282 sacculorum
825 4220 916 4278 tanta
944 4216 1082 4280 mutatio
1116 4216 1166 4297 fit,
1199 4219 1236 4278 nt

93 4346 153 4392 non
175 4347 304 4391 summa
327 4325 437 4407 capita
460 4328 612 4388 maneant
641 4323 762 4387 eadem.
800 4324 887 4396 Quae
917 4325 1023 4384 autem
1052 4321 1102 4383 vel
1132 4325 1235 4385 muta·

93 4433 171 4497 bilia
193 4436 270 4496 sunt
294 4431 344 4495 vel
368 4431 601 4495 dissensionem
626 4428 788 4493 iudicandi
808 4427 996 4505 admittunt,
1020 4428 1059 4509 si,
1084 4427 1233 4510 qualiae
