2932 5026
402 338 481 387 srva·
507 338 753 386 nunnonnnvn
778 339 883 385 mum.
1148 322 1212 387 519

100 484 188 549 bantur
214 480 359 568 (quando
382 481 423 546 ab
448 480 567 566 Orphei
590 482 717 547 Musaei
740 482 851 548 Olenia
875 485 908 547 et
932 481 1087 546 similium
1111 482 1213 547 nomi·

99 590 171 655 nibus
195 590 305 674 ordiri,
335 587 479 653 desinere
506 589 541 653 in
571 590 752 674 pleiadibus
776 590 1069 656 Alexandrinorum
1092 588 1213 675 potuit)

99 702 124 760 et
139 697 295 779 decimum,
323 717 387 780 quo
411 694 594 779 architecti,
619 697 674 760 sed
698 701 787 761 certo
809 719 874 762 non
898 697 968 779 soli,
991 700 1140 781 apertum
1163 700 1213 760 est

98 802 208 868 medium
238 802 380 887 aliquem
413 803 520 867 locum
553 802 766 888 philosophos
799 804 994 887 obtinuisse,
1027 826 1044 866 e
1077 826 1212 887 quorum

97 905 265 975 hebdomade
291 907 416 975 Graeca
438 909 706 994 Pythagoram
728 909 933 974 Platonem
956 910 1211 976 Aristotelem

97 1008 281 1095 Symmachus
308 1016 587 1081 commemoravit:
619 1038 715 1099 quem
742 1015 850 1080 locum
879 1016 1092 1099 obtinuerint,
1123 1017 1211 1082 nullo

10 1149 21 1187 ;
95 1116 188 1188 indicio
207 1128 308 1208 patet.
345 1122 467 1199 Quodsi
489 1129 603 1207 poetae
623 1128 773 1207 exceptos
794 1146 862 1188 esse
883 1147 902 1188 a
920 1145 1033 1208 prosae
1053 1123 1210 1188 orationis

95 1227 278 1312 scriptoribus
303 1230 469 1313 statueris,
500 1230 679 1314 historicis,
708 1222 927 1314 philosophis,
957 1229 1254 1312 oratoribus(etx1

94 1327 309 1402 uoraufibus
332 1337 397 1402 nisi
419 1337 563 1403 fallimur
583 1336 804 1402 Demetrius
823 1336 910 1421 fuit),
933 1343 983 1402 est
1001 1337 1062 1402 hoc
1082 1337 1210 1422 quidem

93 1440 154 1507 stis
178 1443 282 1509 simile
313 1445 393 1529 veri,
424 1445 481 1509 sed
508 1445 654 1528 profecto
682 1450 821 1509 nonest
845 1445 924 1509 satis
948 1443 1062 1510 adter
1086 1447 1210 1526 septem
1327 1524 1331 1533 ·

90 1539 281 1616 hebdomadas
305 1550 461 1617 librorum
484 1550 541 1616 IV.
565 1551 620 1616 Vl.
645 1551 724 1616 Vlll
749 1551 969 1635 complendas:
997 1558 1034 1616 ut
1057 1551 1091 1616 in
1115 1550 1210 1616 Grae·

87 1650 121 1719 cis
138 1678 220 1722 nunc
237 1657 455 1724 subsistamus
470 1658 752 1744 Romanorumque
772 1658 807 1722 in
825 1657 887 1723 hoc
905 1679 1022 1743 genere
1042 1657 1210 1743 penuriam

83 1779 276 1831 accuremus
301 1764 439 1849 quidem.
484 1765 553 1830 Nec
577 1765 658 1830 satis
682 1771 820 1849 prosunt
842 1764 995 1830 artifices:
1019 1764 1210 1848 sculptores,

78 1872 252 1959 scalptores,
276 1875 465 1954 caelatores,
487 1873 613 1957 plastae
638 1872 668 1937 h.
688 1894 714 1935 c.
738 1874 867 1937 fictores
887 1870 930 1956 (si
949 1872 1045 1936 modo
1064 1875 1132 1935 tam
1151 1870 1209 1934 mi-

72 1981 202 2045 nutatim
227 1981 415 2045 distinctum
439 1979 517 2065 est),
540 1979 692 2063 pictores,
715 1980 839 2061 musici,
863 1979 1046 2063 saltatores,
1069 1982 1209 2044 actores:

68 2087 117 2169 qui
159 2088 229 2153 sive
266 2087 381 2153 sociati
418 2108 490 2151 cum
528 2086 716 2151 architectis
754 2087 821 2151 sive
857 2109 925 2151 non
961 2086 1076 2150 sociati
1113 2085 1208 2149 unius

64 2191 136 2257 libri
167 2191 201 2259 h.
233 2214 261 2257 e.
294 2197 420 2277 septem
452 2191 691 2257 hebdomadum
724 2194 884 2258 ambitum
917 2194 969 2257 vix
1003 2193 1209 2258 excedebant

62 2296 129 2365 Nec
163 2300 239 2384 plus
275 2320 373 2383 quam
404 2299 500 2363 unius
532 2298 745 2365 hebdomadis
778 2302 919 2384 spatium
952 2300 1066 2365 medici
1098 2320 1209 2384 posce·

60 2405 151 2471 bant
197 2406 288 2483 Quos
315 2427 427 2470 omnes
451 2405 581 2470 tametsi
604 2405 700 2470 facile
724 2408 883 2471 credimus
906 2428 971 2470 non
995 2411 1069 2489 post
1089 2405 1209 2469 librum

58 2514 221 2579 decimum
262 2509 349 2597 (sive
391 2513 609 2578 adnumeratis
647 2514 801 2578 Romamn
844 2511 1064 2598 undecimum)
1102 2512 1208 2577 locum

55 2621 221 2686 invenisse
267 2643 375 2704 suum,
419 2620 474 2685 scd
517 2621 610 2685 illum
654 2622 868 2704 praecessisse
905 2620 1031 2704 potius:
1069 2658 1111 2666 —
1150 2643 1207 2685 nec

56 2730 147 2794 enim
175 2728 362 2794 architectis
393 2728 559 2793 commode
584 2729 749 2811 praemitti
775 2749 880 2812 reges,
909 2729 1134 2811 imperatores,
1162 2730 1207 2793 rei

55 2835 210 2920 publicae
241 2835 400 2918 gerendae
431 2836 593 2919 principes
627 2839 814 2918 potuerunt,
845 2858 901 2898 nec
927 2836 1040 2899 horum
1067 2837 1206 2899 ubertati

55 2942 341 3026 splendidissimae
370 2962 556 3006 concessum
586 2949 661 3025 post
686 2942 803 3005 librum
830 2941 1030 3006 undecimum
1055 2948 1208 3027 quattuor

54 3048 215 3112 librorum
249 3048 390 3131 spatium
424 3049 522 3111 etiam
556 3050 587 3112 in
622 3050 724 3113 artius
757 3050 947 3115 contrahere.
981 3052 1123 3114 animum
1160 3052 1206 3114 in-

54 3154 169 3218 duces:
198 3159 373 3218 -tamen
403 3155 443 3218 ad
473 3158 523 3218 tot
553 3155 788 3220 hebdomadum
820 3157 1034 3240 capacitatem
1064 3161 1099 3220 ut
1128 3157 1207 3220 satis

56 3261 215 3326 materiae
240 3260 461 3343 conquiratur,
491 3261 624 3325 omnino
648 3285 713 3325 non
738 3270 788 3326 cst
812 3264 845 3326 in
870 3264 1051 3327 litterarum
1076 3264 1206 3327 artium-

56 3389 120 3453 que
153 3367 329 3431 luminibus
363 3367 616 3451 subsistendum,
650 3369 705 3432 sed
734 3369 854 3451 aliquid
885 3371 1063 3452 copiarum,
1093 3369 1142 3432 vel
1174 3373 1208 3431 ut

56 3474 165 3539 verius
190 3473 343 3557 dicamus,
366 3473 650 3556 aliquammultum
675 3475 771 3556 longe
796 3474 868 3536 aliis
892 3496 908 3536 e
928 3473 1106 3536 recessibus
1127 3474 1207 3537 asci-

56 3581 221 3647 scendum.
262 3579 375 3663 quue
399 3579 479 3644 illud
503 3580 609 3663 ipsum
634 3585 760 3663 spectat
779 3581 863 3663 quod
883 3580 1064 3644 Varronem
1083 3579 1205 3643 Plinius

56 3687 141 3753 dixit
181 3685 460 3770 septingentorum
499 3687 629 3770 aliquo
668 3687 777 3751 modo
816 3687 999 3751 inlustrium
1038 3687 1205 3750 hominum

55 3794 217 3880 imagines
246 3795 475 3877 composuisse.
523 3794 611 3869 Qirae
635 3795 723 3857 notio
748 3800 903 3877 qrnmtam
927 3815 1081 3878 generum
1107 3794 1207 3857 varie·

56 3905 159 3965 tatem
188 3900 341 3964 admittat
374 3904 410 3963 ut
438 3900 469 3962 in
500 3904 612 3983 aperto
637 3906 699 3981 est,
729 3901 774 3964 ita
799 3902 907 3964 licebit
931 3902 1071 3964 fortasse
1095 3901 1205 3984 paullo

56 4008 242 4073 distinctius
271 4008 343 4090 ipso
373 4008 452 4072 duce
476 4006 582 4071 Plinio
613 4007 753 4070 delinire.
801 4007 894 4071 lluuc
923 4008 1009 4071 enim
1039 4030 1111 4070 cum
1141 4009 1206 4071 iam

56 4138 156 4199 supra
181 4115 357 4180 viderimus
382 4118 536 4198 quattuor
560 4136 598 4177 ex
623 4119 747 4197 septem
772 4113 984 4178 Varronianis
1009 4114 1205 4178 architectos

55 4221 140 4287 libro
164 4244 224 4288 suo
249 4223 389 4306 septimo
412 4222 595 4305 nominare,
624 4221 683 4285 hoc
708 4226 756 4284 cst
781 4244 818 4284 eo
844 4220 927 4284 libro
952 4243 1015 4304 quo
1039 4225 1204 4304 tamquam

57 4329 168 4394 florem
194 4330 322 4414 generis
347 4314 479 4393 humani
504 4329 619 4393 libavit
642 4327 757 4412 (ipsius
781 4329 878 4392 verba
900 4331 919 4408 ξ
943 4329 1003 4392 123
1024 4326 1204 4414 imitamur)

57 4440 89 4502 et
111 4437 268 4522 quicquid
292 4437 401 4522 aliquo
425 4438 521 4502 modo
545 4437 754 4502 memorabile
779 4437 811 4501 in
836 4436 994 4521 fingendis
1018 4434 1203 4499 hominibus
