2932 5026
412 357 491 406 swa
515 356 761 406 nnanonauvu
784 356 885 402 urunt.
1157 334 1222 399 543

78 496 164 583 Cipi
185 498 293 564 laudea
321 500 500 584 praecedit,
529 500 575 564 ita
603 499 687 583 apud
715 498 896 563 Varronem
924 496 962 559 do
990 496 1010 560 l.
1037 494 1072 559 L.
1095 494 1135 578 V,
1161 494 1223 559 150

73 626 163 670 cnm
182 586 302 671 (lartio
318 605 363 670 M.
386 605 537 690 Genucii,
567 610 603 670 ut
629 607 662 670 in
691 606 862 670 consulatu
889 603 1100 685 collegarum,
1127 624 1222 684 copu-

72 710 173 775 latur
191 713 353 779 memoria.

177 819 210 884 ln
250 819 481 904 componendis
522 818 777 884 hebdomadibus
818 817 999 882 Varronem
1040 821 1223 899 temporum

76 925 241 991 rationem
273 948 340 989 non
368 926 549 1011 neglexisse
576 925 774 990 Ritschelius
802 924 934 989 medicis
961 928 1085 1006 septem
1113 945 1130 985 e
1160 921 1222 987 Pli-

77 1028 142 1094 nio
174 1033 347 1116 propositis
384 1033 484 1096 verbo
517 1033 678 1098 monuisse
712 1032 845 1116 sategit,
876 1052 979 1114 neque
1012 1028 1158 1113 proiecto
1191 1028 1222 1091 id

79 1133 226 1222 longiore
249 1140 525 1205 demonstratione
549 1144 637 1224 eget,
667 1162 766 1223 quum
789 1142 823 1202 et
845 1159 902 1221 per
925 1159 959 1201 se
987 1137 1032 1201 sit
1055 1135 1223 1219 probabile

81 1247 117 1303 et
144 1247 204 1313 alia
230 1268 359 1332 quoque
383 1247 452 1309 eius
476 1246 598 1311 ordinis
625 1246 818 1310 documenta
841 1247 1022 1327 suppetant.
1063 1242 1113 1306 Eo
1136 1243 1223 1307 enim

82 1353 222 1427 Pertinet
248 1375 346 1438 quam
376 1374 472 1435 super
499 1358 607 1417 aetate
635 1350 767 1415 Homeri
797 1354 893 1433 atque
920 1348 1056 1413 Hesiodi
1086 1372 1123 1413 ex
1151 1349 1223 1432 ipso

81 1448 226 1525 Varrone
255 1459 341 1525 haud
370 1459 465 1523 dubie
490 1460 609 1543 repetit
630 1457 754 1524 Gellius
782 1457 975 1540 disputati03
1003 1458 1114 1520 eodem
1139 1456 1223 1541 quod

80 1562 287 1650 antiquorum
307 1570 340 1629 et
359 1565 572 1631 recentiorum
592 1566 822 1630 statuariorum
846 1564 1062 1628 hebdomades
1086 1565 1224 1645 diremit,

79 1671 168 1744 quod
196 1673 275 1737 duas
297 1671 410 1735 itidem
439 1671 601 1755 pictorum
628 1671 820 1735 discrevisse
849 1672 982 1735 videtur.
1024 1669 1137 1755 Neque
1161 1670 1223 1734 Pli-

77 1768 150 1838 nius
181 1783 309 1844 tantum
336 1778 370 1841 in
398 1778 531 1842 medicis
560 1777 746 1841 ordinandis
774 1776 920 1841 Dioclem
945 1775 1130 1862 tlarystium
1160 1776 1224 1842 ‘se-

74 1884 218 1951 amdam
246 1888 352 1951 aetate
379 1883 547 1969 famaque'
577 1885 724 1948 extitisse
752 1885 881 1965 scribit,
909 1885 963 1949 sed
989 1884 1225 1961 Quinctilianus

72 1976 104 2043 ln
129 1992 275 2078 singulis
299 1992 367 2056 fere
390 1993 586 2075 scriptorum
611 1991 782 2075 generibus
803 1992 1005 2056 recensendis
1028 1993 1106 2057 dcta
1127 2014 1226 2076 opera

70 2091 128 2166 ‘lui
151 2099 348 2165 ·sccundum
386 2097 521 2182 gradum
558 2097 700 2161 tenuerit
737 2099 897 2181 expressis
940 2100 1046 2163 verbis
1090 2102 1226 2164 annotat

68 2188 250 2272 15358.
276 2207 326 2271 72.
350 2206 402 2270 86.

171 2311 274 2377 Multo
297 2311 393 2394 plura
411 2314 508 2394 atque
527 2310 626 2374 etiam
649 2309 701 2373 his
721 2311 893 2375 incertiora
911 2312 1089 2376 adiicienda
1108 2318 1226 2396 essent,

63 2399 89 2462 ⁸5
139 2415 265 2483 iustam
302 2417 340 2480 de
377 2414 591 2480 Varronianis
628 2416 882 2481 hebdomadibus
920 2420 1225 2483 commentationem

60 2505 175 2588 edel-e
204 2546 291 2587 nunc
325 2526 460 2587 vacaret.
504 2521 721 2597 Quamobrem
754 2546 817 2586 rura
853 2524 1079 2588 observatione
1117 2525 1227 2589 addita

58 2625 132 2684 ¹¹0⁸
170 2631 420 2711 continebimus,
447 2651 542 2711 quam
569 2650 673 2711 neque
704 2628 898 2693 llitsclrelius
928 2652 1058 2713 prorsus
1087 2636 1266 2713 practer-ro

59 2720 180 2801 miQit.
222 2738 353 2820 Optime
382 2735 466 2798 enirn
495 2734 549 2797 ille
578 2757 641 2818 quo
665 2733 880 2799 Menecraten]
910 2736 994 2798 inter
1023 2737 1226 2817 architectos,

60 2814 303 2931 l‘sthagoranr
337 2845 421 2908 iuter
455 2841 630 2904 statuarios
663 2842 740 2905 licet
771 2865 835 2905 non
870 2866 969 2926 aeque
1003 2848 1099 2928 atque
1128 2845 1224 2907 ceteri

59 2923 222 3015 filusna
251 2956 398 3033 receptos
428 2949 615 3031 explicaret,
648 2950 772 3012 monuit
803 2949 883 3013 ‘non
917 2950 1050 3014 liberam
1082 2950 1223 3015 Varroni

65 3053 246 3124 ⁰Ptionem
266 3055 376 3137 fuisse,
398 3054 453 3118 scd
473 3055 698 3118 necessitatem
718 3057 825 3138 potius
846 3079 955 3120 eorum
976 3059 1226 3142 deligendorum,

68 3161 217 3229 ‘luorum
242 3163 389 3226 alicunde
413 3163 533 3245 petitus
557 3162 715 3249 imagines
739 3163 773 3227 in
796 3170 949 3247 promptu
973 3164 1133 3229 liaberet'.
1167 3164 1224 3229 (lui

72 3246 199 3335 illdicio
223 3270 271 3334 itu
295 3269 538 3345 subscribimus,
562 3271 598 3331 ul.
620 3272 727 3332 tamen
750 3271 798 3332 sel
823 3277 955 3354 propter
978 3273 1067 3336 illam
1089 3273 1225 3335 necessi·

81 3363 182 3442 istem
215 3399 280 3441 non
320 3380 440 3439 temere
479 3376 587 3458 aliquo
625 3375 799 3457 imaginem
837 3378 1011 3460 arripuisse
1047 3378 1224 3441 Varronem

87 3488 246 3566 Putemus,
283 3483 338 3545 sed
372 3483 405 3546 in
441 3481 503 3545 hac
541 3503 666 3563 oririque
699 3504 732 3543 re
766 3483 931 3547 doctrinae
964 3490 1061 3568 atque
1095 3485 1224 3546 circum-

91 3591 258 3672 spadonis
293 3587 404 3650 landes
433 3588 632 3651 aemulatum
661 3609 739 3651 esse.
781 3588 832 3652 lta
861 3591 945 3653 enirn
974 3596 1009 3654 ut
1042 3595 1225 3654 statuamus

91 3695 228 3761 afficiunt
257 3716 339 3778 quae
367 3694 505 3758 loannes
534 3692 643 3776 Lydus
674 3693 712 3756 de
742 3696 885 3778 magistr.
910 3695 938 3775 l,
966 3698 1004 3759 12
1035 3696 1074 3759 de
1100 3698 1225 3760 Aeneae

88 3797 223 3886 imagine
251 3801 352 3864 tradit
375 3800 514 3882 repetita
541 3799 596 3862 illa
619 3822 656 3862 cx
685 3801 818 3884 antiquo
848 3825 942 3885 opere
970 3804 1071 3867 fontis
1097 3803 1226 3866 Albani.

85 3906 216 3990 Eodem,
239 3906 266 3969 si
285 3910 431 3970 nostram
450 3906 668 3970 coniecturum
690 3908 818 3990 probas,
842 3908 913 3992 Gipi
937 3910 1046 3993 imago
1070 3910 1108 3972 de
1132 3915 1226 3991 porta

83 4013 334 4079 Raudusculana
354 4016 462 4075 sumta
480 4012 629 4094 pertinet.
670 4012 881 4078 Pertinebmrt
900 4037 937 4078 eo
958 4036 1069 4078 omnes
1093 4015 1225 4079 illinon

82 4120 194 4184 traditi
211 4119 331 4199 vultus,
349 4139 484 4201 quorum
500 4116 623 4181 Plinius
643 4120 791 4183 meminit
811 4121 907 4201 paulo
923 4126 997 4183 ante
1018 4143 1089 4184 eum
1110 4122 1226 4199 locum,

79 4249 143 4310 quo
167 4224 410 4289 hebdomadum
434 4222 591 4287 Varronis
616 4226 773 4288 memoria
795 4225 991 4310 continetur,
1015 4227 1097 4291 unde
1121 4229 1225 4292 exorsi

79 4353 202 4396 sumus.
226 4330 288 4407 Qui
311 4352 409 4414 quum
430 4329 476 4393 ita
495 4329 618 4393 scribat
636 4329 656 4391 l.
671 4328 792 4394 XXXV
813 4332 867 4411 §9
890 4331 984 4416 ‘quin
1006 4334 1104 4397 immo
1127 4335 1225 4398 etiam

78 4460 163 4522 quae
185 4459 253 4502 non
281 4442 356 4501 sunt
383 4436 563 4520 fingimtur,
593 4436 786 4521 pariuntque
813 4437 973 4503 desideria
994 4463 1060 4505 non
1089 4441 1226 4504 traditos
