2932 5026
189 309 254 373 230
577 326 615 373 ΙΝ
638 326 750 372 vrrnu
774 325 942 372 nannnrn

188 467 257 532 Nec
285 468 455 533 offensioni
484 491 554 534 esse
582 469 732 553 dactylus
762 468 795 531 in
823 471 940 552 quarto
967 468 1049 553 pede
1080 468 1190 551 debet,
1221 468 1364 554 utqui.

188 574 271 638 satis
303 574 417 639 veniae
449 597 522 640 eum
554 599 574 640 a
603 575 733 640 nomine
763 574 895 659 proprio
926 580 997 638 tum
1026 576 1068 639 ab
1099 576 1172 660 ipsa
1201 573 1339 643 elisione

188 682 315 747 habeat.
352 683 488 748 Prorsus
508 687 616 748 autem
637 683 839 767 simplicitati
863 681 1134 748 conlocandorum
1154 682 1341 767 verboram,-

187 811 251 873 qna
274 789 336 855 hoc
359 810 460 874 genus
484 811 635 853 versuum
658 789 791 874 regitur,
815 789 943 854 inludat
961 789 988 852 si
1009 789 1064 873 qui
1078 789 1225 854 Mortuos
1238 787 1342 872 Sty!-

182 896 274 979 phelli
295 896 480 961 Arcddloesl
502 896 612 976 oppido
635 895 860 960 commendare
884 895 1027 959 animum
1051 895 1215 960 induxerit
1224 893 1267 981 ⁸)
1324 926 1330 933 ·

277 1001 353 1083 Pag.
372 1001 438 1075 206,
458 999 596 1075 8-207,
615 1000 633 1064 3
657 1023 730 1065 cnm
753 1002 840 1065 exitu
859 1001 990 1085 septimi
1009 1003 1090 1066 bene
1109 1001 1232 1067 factum
1253 1000 1357 1087 qood¹

188 1132 254 1175 non
282 1109 380 1173 semel
404 1107 542 1191 scriptos
566 1107 737 1192 habemus,
765 1108 822 1172 sed
845 1108 933 1173 circa
954 1108 1052 1172 finem
1074 1107 1173 1173 huius
1195 1108 1286 1174 vitae
1307 1128 1343 1193 p.

189 1217 263 1299 212,
287 1217 306 1280 6
330 1215 467 1279 iteratos
491 1214 525 1277 in
549 1213 641 1277 libris
665 1218 742 1297 post
764 1213 823 1278 illa
845 1235 928 1299 quae
947 1217 1024 1278 sunt
1042 1235 1101 1296 quo
1121 1215 1225 1297 saepes
1241 1214 1344 1281 mim

188 1323 334 1388 Porcium
355 1321 490 1387 saltos.
526 1319 640 1405 Itaque
663 1342 726 1404 quo
746 1320 925 1404 expeditior
943 1320 1084 1386 conlatio
1105 1326 1201 1405 esset,
1219 1321 1342 1387 utriun-

134 1448 175 1490 os
189 1451 250 1513 quc
281 1428 343 1493 loci
375 1427 565 1508 versiculos,
597 1426 708 1510 quales
741 1426 774 1491 in
807 1431 914 1491 vetere
944 1427 1093 1491 Parisino
1123 1432 1270 1512 exstant,
1300 1448 1368 1495 cr·

190 1536 325 1599 adverso
348 1534 452 1619 posui,
478 1533 573 1598 simul
598 1532 744 1597 subiecta
767 1533 946 1618 scripturae
970 1533 1188 1617 discrepantia
1210 1533 1345 1601 notati·

188 1642 270 1707 tiore
292 1640 496 1724 noviciorum
518 1639 686 1703 librorum.

374 1841 405 1901 p.
428 1817 493 1882 206
514 1840 560 1902 sq.
987 1840 1017 1900 p.
1041 1819 1107 1882 212

234 1924 723 2008 asclilPscrplociprosullaillil
802 1926 897 2007 scipio
919 1924 1016 1989 niele-ll
1031 1925 1164 2006 profuit.
1186 1920 1298 1991 nielril'

235 2033 284 2097 llll
292 2032 661 2098 lellusnllrilslmimslros
665 2052 724 2114 per
804 2032 910 2096 ladius.
939 2032 1053 2112 sarira.
1086 2037 1148 2096 tres
1163 2053 1226 2115 per

236 2141 316 2203 idem
340 2144 456 2220 ternpus
478 2139 532 2220 qai
554 2138 715 2220 opiwtonl
750 2155 766 2202 3
805 2141 884 2204 uam
907 2143 1024 2221 tmpus
1046 2140 1101 2222 qai
1122 2139 1291 2222 uodobont

236 2246 350 2311 nobiles
365 2246 536 2327 facillimae
554 2265 658 2310 eonem
671 2243 724 2309 illc
803 2245 918 2311 nobiles
938 2245 1089 2326 facillime
1110 2267 1219 2311 coram
1243 2246 1299 2312 illc

218 2352 330 2435 'opera
351 2371 390 2416 ac
411 2354 535 2416 domum
556 2353 678 2434 quidem
785 2345 896 2435 'opero
918 2373 956 2417 nc
977 2353 1103 2417 domum
1125 2355 1251 2436 quidem
1380 2430 1383 2437 1

235 2462 264 2526 sl·
278 2459 724 2524 aallmouoeuamsaam
752 2473 768 2521 s
803 2460 1154 2525 matronensem
1175 2461 1289 2526 salam
1379 2440 1383 2449 '

236 2572 271 2631 ul
292 2571 366 2632 essd
387 2587 447 2649 quo
465 2567 591 2647 referret
610 2566 724 2631 obitum
805 2572 840 2631 al
861 2573 935 2632 esset
956 2588 1016 2650 qao
1038 2568 1154 2649 referet.
1178 2568 1299 2633 οὸὲἰιιηι

236 2675 355 2739 donini
376 2674 507 2738 seaalo.
804 2675 924 2738 danaim
944 2675 1095 2740 serualrls.

239 2847 724 2917 11’.ve1p.ve11²oozio(vrb.)
806 2851 936 2904 tledlus.
955 2850 1061 2919 surices]
1082 2850 1107 2903 ei
1125 2850 1206 2904 lelius
1224 2850 1300 2905 ardel
1372 2878 1381 2891 ·

238 2937 284 2991 vel
298 2938 323 2991 ei
332 2955 363 3005 p.
378 2937 490 3005 (Neap)
562 2939 649 3006 scipio
658 2953 724 3006 pro·
804 2940 898 3006 surius
916 2938 987 3007 (sine
1007 2940 1032 2993 ei
1049 2938 1111 2994 Par.
1130 2940 1189 3007 alt,
1211 2938 1293 3010 Reg.)

237 3028 294 3093 fait
312 3025 372 3079 sine
390 3027 415 3079 ei
486 3027 578 3097 eali]
592 3027 618 3080 ei
688 3028 725 3080 si·

238 3114 390 3189 miraturos]
409 3115 505 3182 sariaco
524 3121 577 3168 tres
667 3117 726 3169 tei

238 3204 328 3274 abuit]
347 3203 445 3257 lacuit
516 3204 677 3258 aemulus

262 3362 286 3432 '‘)
307 3363 434 3419 Ceterum
453 3381 508 3418 non
527 3362 586 3418 lore
604 3364 680 3418 lectu
698 3363 851 3420 iniucunda
869 3365 990 3420 arbitror
1009 3382 1080 3435 quae
1099 3365 1134 3420 de
1152 3366 1197 3420 his
1212 3365 1343 3423 versibus

192 3472 242 3523 per
265 3451 402 3523 prooemii
424 3452 579 3508 academici
601 3453 842 3522 opportunitatem
866 3454 993 3522 proximo
1017 3470 1090 3507 anno
1109 3470 1127 3506 a
1146 3470 1190 3508 mo
1209 3455 1343 3511 tractatis

193 3543 222 3596 F.
235 3541 460 3597 Th.Welclrerus
478 3542 514 3595 ad
533 3559 577 3597 me
596 3542 840 3611 perscribebatur
859 3542 968 3598 itineris
988 3543 1086 3598 Graeci
1106 3543 1243 3597 momoria
1261 3561 1342 3615 repe·

193 3631 258 3684 tite:
289 3631 361 3684 ‘Das
380 3629 500 3685 (ledioht
524 3630 573 3684 des
592 3629 705 3685 Porcius
725 3631 781 3686 Lic.
805 3630 842 3685 ist
866 3631 968 3686 bochet
990 3632 1159 3686 interessent
1181 3630 1272 3686 durch
1295 3632 1341 3687 die

193 3720 246 3773 ties
261 3718 407 3788 gehenden
417 3718 623 3788 Andeutungen
642 3719 688 3773 die
707 3736 736 3773 es
754 3719 827 3773 nach
841 3719 909 3774 arrei
924 3719 1019 3774 Seiten
1034 3719 1092 3787 hin,
1110 3719 1163 3774 wie
1177 3738 1232 3776 von
1247 3720 1341 3778 einen

194 3807 286 3861 hohen
305 3805 409 3861 Stande
432 3807 482 3860 der
505 3806 639 3877 Bildung‚
663 3807 693 3861 in
716 3807 817 3862 milder
839 3808 896 3861 und
919 3808 976 3863 last
994 3808 1149 3879 elegischer
1168 3809 1259 3866 Satire
1278 3827 1340 3866 aus·

194 3895 303 3950 drdclrt.
344 3895 434 3950 Wenn
460 3913 490 3950 es
515 3895 594 3950 nicht
619 3913 668 3950 aus
695 3896 817 3951 anderen
840 3895 972 3951 Grdnden
998 3897 1269 3966 unwahrscheinlich
1296 3898 1342 3967 int,

193 3985 257 4039 dass
281 3982 330 4036 der
352 3982 447 4052 genial
469 3983 794 4053 unehende-AEiebffig
816 3983 866 4039 der
884 3983 1004 4040 Grossen
1028 3986 1088 4041 sich
1111 3986 1139 4040 in
1159 3986 1342 4043 aerenum·

194 4070 395 4127 unoveroruss
414 4071 543 4126 wirklich
562 4072 591 4126 in
609 4072 660 4127 das
678 4073 805 4142 poetisch
825 4073 883 4128 und
897 4074 1028 4143 politisch
1043 4075 1097 4130 den
1112 4075 1234 4130 Romam
1252 4077 1342 4132 wiron
1372 4080 1375 4085 '

193 4159 344 4230 klingende
362 4160 504 4215 Arkadien
523 4161 751 4231 aurdclrgeaogen
770 4162 833 4229 hat,
857 4179 888 4217 so
908 4180 966 4216 war
985 4163 1167 4233 Stymphalos
1190 4163 1236 4218 ein
1254 4182 1341 4237 ange·

193 4250 277 4306 nehm
295 4247 447 4318 gelegener
463 4250 520 4303 und
539 4249 604 4304 kein
623 4249 732 4305 kleiner
746 4251 805 4306 Ort.
834 4253 877 4305 An
896 4251 946 4306 der
964 4252 1027 4307 sehr
1046 4251 1178 4322 gelinden
1196 4252 1253 4307 und
1269 4258 1342 4308 mils-

194 4340 271 4409 sigon
291 4336 421 4403 Anhllhe,
441 4354 484 4391 wo
503 4338 548 4392 die
568 4339 635 4394 weit
652 4343 826 4395 verstreuten
847 4316 955 4396 Ruinin
974 4340 1028 4396 den
1047 4341 1169 4411 Umfang
1188 4340 1238 4396 der
1256 4340 1345 4399 smol

194 4427 298 4499 aeigen,
317 4424 395 4479 fdhrt
418 4424 462 4480 ein
482 4426 589 4482 ehmaln
607 4428 810 4484 vortrefflicher
828 4429 978 4500 Steinweg,
996 4429 1025 4485 in
1039 4427 1139 4485 Stulen
1153 4446 1254 4486 'oron
1267 4430 1343 4488 noch
