2932 5026
185 339 251 402 420
540 357 601 402 nin
626 355 974 404 scnsrnrsrnnnnnnr

186 497 343 582 gelehren
367 497 627 563 Beschaffenheit
650 501 741 584 jenes
765 497 1030 564 Verzeichnisses
1059 517 1119 581 gar
1149 495 1257 560 nichts
1280 515 1325 580 gc·

187 609 290 668 wusst
307 605 424 689 haben,
443 627 536 669 wenn
555 606 646 670 nicht
665 606 764 670 durch
786 607 876 669 einen
896 604 1079 669 besondern
1093 602 1201 668 anall
1219 600 1325 666 Stdcln

186 709 241 774 des
266 712 446 794 gedaehten
465 712 592 776 Brieies
616 713 765 777 wdrtlich
789 718 897 776 witren
921 734 984 775 von
1004 710 1171 775 Rufinus
1196 712 1229 774 in
1250 711 1325 773 seint

187 837 291 901 gegcn
310 817 529 903 Hieronymus
549 819 728 904 gericlrtete
747 820 901 902 Apclopie
919 816 976 903 (=
991 814 1177 901 Invectivae)
1197 815 1287 880 Bneh
1301 815 1325 879 ll

187 923 264 1008 Cap.
289 927 331 989 20
360 926 607 1011 aufgcnommen
637 926 781 992 worden:
810 925 943 1009 Stflelre,
971 947 1029 988 eus
1052 925 1154 988 denen
1180 922 1232 986 die
1256 921 1325 985 Her

187 1034 344 1116 ausgeber
371 1033 427 1096 des
451 1033 673 1118 Hieronymus
703 1034 799 1097 einen
821 1031 1049 1097 ldckenhaften
1072 1030 1166 1094 Brief
1187 1031 1232 1094 ad
1253 1029 1325 1093 Pen-

191 1139 254 1201 lenr
277 1143 590 1225 zusammengesetzt
613 1141 676 1204 und
702 1141 764 1204 mit
786 1139 887 1203 vicler
912 1138 1056 1202 Willln'ir
1078 1137 1141 1200 den
1167 1136 1201 1199 in
1226 1135 1325 1200 Hand

189 1244 346 1308 Schriften
368 1247 555 1311 erhaltenen
570 1244 702 1309 Briefen
717 1246 772 1310 des
786 1244 1008 1328 Hieronymus
1022 1244 1217 1308 einverleibt
1230 1244 1325 1308 haber

188 1348 255 1435 (bei
279 1351 424 1418 Vellarsi
453 1375 500 1437 ep.
530 1351 596 1439 33).
642 1352 715 1418 Und
743 1375 830 1416 zwar
857 1352 961 1416 lentet
987 1352 1038 1414 die
1063 1349 1165 1414 Stelle
1194 1350 1251 1415 des
1274 1349 1325 1415 Ru*

134 1482 175 1521 ree
190 1458 274 1522 linus
297 1459 343 1522 im
367 1459 668 1546 Zusemmenhange
692 1461 774 1524 also:

279 1564 440 1631 Libellum
474 1566 632 1650 quendem
666 1567 810 1630 scribens
839 1565 1108 1649 comprehendere
1136 1565 1231 1648 qussi
1259 1563 1325 1627 indi

189 1671 262 1734 culo
293 1673 432 1756 quodam
460 1674 576 1757 voluit,
609 1678 731 1757 quanta
759 1672 842 1757 apud
872 1671 1005 1735 Latinos
1029 1670 1134 1735 Varro
1165 1671 1325 1755 scripserit

191 1780 223 1838 et
246 1787 367 1859 quanta
390 1782 475 1864 apud
498 1787 628 1847 nostros
652 1783 808 1867 Origenes
831 1782 864 1844 in
888 1780 1034 1862 Graecis,
1058 1781 1093 1845 in
1116 1801 1182 1863 quo
1206 1779 1257 1842 ita
1278 1777 1322 1842 ait

191 1883 239 1946 M.
256 1884 432 1951 Terentium
453 1889 622 1954 Varronem
644 1892 780 1954 miretur
802 1888 983 1968 antiquitas,
1005 1886 1087 1967 quod
1108 1885 1197 1965 aprrd
1209 1884 1325 1948 Ictinn

190 1995 254 2054 tarn
277 1994 515 2060 innumeradiles
539 1997 633 2060 libros
654 1996 817 2078 scripserit.
855 1992 968 2057 Graeci
991 1990 1228 2056 C'lrelcenternm
1250 1991 1325 2053 miri

189 2097 322 2176 efferent
345 2100 495 2184 lendibus,
517 2104 599 2182 qnod
620 2107 722 2166 tentes
745 2102 838 2165 libros
856 2099 1063 2181 eennrosncrit,
1087 2103 1221 2179 quantes
1238 2097 1325 2178 quini

188 2208 329 2268 nestnrnr
351 2207 467 2271 alienos
488 2229 546 2272 sna
569 2230 666 2272 menn
683 2209 847 2273 describere
864 2228 927 2271 nen
939 2207 1047 2288 posse.
1084 2205 1132 2268 Et
1149 2207 1226 2286 qnia
1243 2201 1325 2288 nod]

189 2311 320 2375 otiosum
342 2318 386 2376 est
407 2315 492 2395 apud
509 2314 640 2378 Latinos
660 2315 849 2378 Graecorum
870 2313 1061 2377 voluminum
1080 2311 1214 2374 indicem
1232 2315 1325 2391 terere,

190 2419 226 2481 de
255 2439 288 2482 eo
316 2421 371 2501 qni
398 2421 493 2484 latine
514 2423 638 2503 scripsit
659 2422 767 2502 eliqua
789 2418 1040 2500 commemorate,
1069 2422 1105 2480 nt
1127 2417 1325 2500 intellipanrs

190 2544 246 2588 nos
264 2525 462 2606 Epinrenidis
479 2531 613 2593 dererire
630 2550 781 2606 sornnrrnr,
800 2532 829 2591 et
844 2527 991 2603 studium,
1009 2523 1154 2604 prodidi
1167 2529 1325 2606 pnnrnnnl

191 2633 225 2694 in
248 2635 417 2698 ernditione
439 2636 645 2699 sceenlarirnn
670 2631 886 2719 rideamne),
909 2653 965 2696 nes
984 2633 1017 2694 in
1036 2633 1258 2714 conprependis
1274 2633 1325 2713 opi·

191 2739 246 2803 lnrs
269 2762 389 2822 ponere.
435 2742 568 2824 Scripsit
594 2743 696 2824 iterpre
725 2743 823 2806 Verre
851 2740 1060 2821 qundrepinta
1087 2741 1225 2820 quinque
1247 2739 1325 2802 cern

192 2846 434 2928 Antiquitatum,
458 2855 603 2930 qrrettrrcr
625 2851 661 2913 de
684 2851 748 2912 vite
765 2848 876 2930 poprdi
900 2846 1043 2909 Romani.
1094 2843 1141 2909 Et
1165 2867 1240 2909 cum
1263 2867 1325 2909 enn-

193 2957 352 3015 mcrnsset
375 2975 433 3036 per
456 2954 586 3038 singula
606 2955 715 3018 omnia
735 2977 816 3039 quae
833 2953 936 3018 Varro
957 2954 1096 3036 scripsit,
1120 2953 1247 3018 addidit
1264 2971 1325 3036 post

192 3057 284 3120 haee:
315 3058 466 3137 ercrsrnn
498 3061 647 3124 Varronis
670 3067 698 3122 ct
720 3061 910 3125 Clrnlcenteri
932 3061 1045 3125 mentio
1066 3059 1153 3138 sacta
1175 3060 1227 3140 sit,
1248 3080 1325 3141 quae

192 3165 285 3227 ritis?
319 3165 461 3229 Videlicet
482 3171 518 3228 nt
534 3168 578 3230 erl
594 3167 823 3231 Adri-mentirer
841 3165 1013 3250 nostru-nd)
1032 3171 1231 3247 nestrnnrqne
1248 3166 1325 3230 Cruor

192 3276 344 3335 centenrnr
358 3275 524 3355 veniamus,
543 3275 597 3354 qni
611 3279 695 3336 trrnte
712 3276 745 3337 in
759 3279 937 3338 sancierit-nr
951 3275 1179 3356 seripturarum
1193 3294 1323 3338 commen

193 3380 284 3442 {eriis
310 3381 419 3444 sudore
447 3378 645 3464 leberaeiffl),
676 3386 711 3443 ni
737 3382 815 3444 inste
838 3381 1026 3444 Adcrnentii
1052 3401 1163 3443 rrenrcn
1187 3380 1325 3461 aecqrerd

198 3486 299 3551 Vultis
325 3508 458 3566 noscere,
485 3493 602 3568 errante
630 3489 749 3570 inperii
775 3490 826 3552 sni
853 3489 1010 3570 reliquerit
1032 3487 1245 3550 monimenta?
1286 3485 1325 3550 Se

192 3614 286 3674 quens
309 3596 417 3658 titnlns
440 3598 576 3659 ostendit.
614 3595 746 3677 Scripsit
768 3597 803 3659 in
822 3595 965 3659 Genesim
985 3593 1078 3658 ldrros
1095 3595 1245 3669 tredecim,
1268 3591 1325 3674 My

192 3700 341 3762 sticarum
362 3699 564 3764 hernilicrurn
584 3702 676 3766 libros
694 3705 778 3786 dene,
801 3704 836 3766 in
854 3702 963 3766 Eccdc
982 3705 1131 3782 ceccrpdr,
1154 3702 1189 3765 in
1208 3701 1325 3765 levitic

193 3811 340 3887 excerpti.
386 3806 431 3869 Et
457 3811 533 3890 post
556 3808 660 3871 multa
683 3810 755 3871 itcrrr
779 3810 884 3892 inquit
908 3808 1102 3885 rncnelrrirlr'a,
1125 3805 1202 3892 περὶ
1225 3803 1325 3892 dordr

194 3913 287 3978 libres
311 3915 528 3995 praedicande
552 3917 769 3980 resurreetione
795 3917 887 3981 libres
912 3917 1001 3993 dnos,
1024 3921 1052 3979 et
1077 3916 1158 3979 elios
1180 3916 1217 3979 dc
1238 3935 1325 3979 rene·

268 4111 293 4175 l)
311 4125 367 4162 non
385 4110 429 4162 fiir
448 4110 498 4163 des
516 4127 592 4163 nnnc
609 4110 659 4164 der
678 4111 788 4164 Drucke
807 4110 879 4165 habe
899 4110 944 4164 ich
963 4108 1024 4162 hier
1042 4107 1197 4177 anticipirt

265 4199 291 4263 2)
311 4195 348 4250 So
367 4198 427 4251 cod.
447 4197 529 4252 Gsrn.
550 4198 594 4252 fdr
611 4202 821 4268 seripturarum.

265 4289 291 4349 3)
310 4291 433 4338 nostrum
451 4303 501 4340 ens
520 4288 681 4343 denrselben
700 4290 760 4342 eod.
780 4287 974 4358 hinzugelr'igt.

264 4377 291 4442 4)
311 4373 476 4443 Antieipirle
499 4376 600 4434 Lesnrt.
629 4384 706 4432 tardo
729 4381 821 4432 studio
845 4381 876 4431 in
894 4384 1053 4432 sanctarum
1074 4379 1279 4445 scripturam
1295 4375 1325 4427 1-

194 4464 257 4517 bere
273 4464 384 4517 crederit
402 4465 447 4518 die
467 4465 596 4534 Vulgate‚
615 4468 671 4521 und
691 4469 763 4521 ohne
781 4470 872 4522 studio
891 4469 950 4522 cod.
971 4467 1055 4524 Gam.
