<?xml version="1.0" encoding="UTF-8"?>
<!DOCTYPE html PUBLIC "-//W3C//DTD XHTML 1.0 Transitional//EN"
    "http://www.w3.org/TR/xhtml1/DTD/xhtml1-transitional.dtd">
<html xmlns="http://www.w3.org/1999/xhtml" xml:lang="en" lang="en">
 <head>
  <title>
</title>
<meta http-equiv="Content-Type" content="text/html;charset=utf-8" />
  <meta name='ocr-system' content='tesseract 3.04.00' />
  <meta name='ocr-capabilities' content='ocr_page ocr_carea ocr_par ocr_line ocrx_word'/>
</head>
<body>
  <div class='ocr_page' id='page_1' title='image "./fridericiritsch02ritsgoog_0589.png"; bbox 0 0 2932 5026; ppageno 0'>
   <div class='ocr_carea' id='block_1_1' title="bbox 140 334 949 399">
    <p class='ocr_par' dir='ltr' id='par_1_1' title="bbox 140 334 949 399">
     <span class='ocr_line' id='line_1_1' title="bbox 140 334 949 399; baseline 0 -2"><span class='ocrx_word' id='word_1_1' title='bbox 140 334 205 399; x_wconf 75' lang='lat'><strong>556</strong></span> <span class='ocrx_word' id='word_1_2' title='bbox 467 352 578 398; x_wconf 76' lang='lat' dir='ltr'><strong>unsara</strong></span> <span class='ocrx_word' id='word_1_3' title='bbox 602 335 746 399; x_wconf 77' lang='lat' dir='ltr'><strong>vrsao’s</strong></span> <span class='ocrx_word' id='word_1_4' title='bbox 770 349 949 398; x_wconf 76' lang='lat' dir='ltr'><strong>rusarnvu</strong></span> 
     </span>
    </p>
   </div>
   <div class='ocr_carea' id='block_1_2' title="bbox 139 493 1246 685">
    <p class='ocr_par' dir='ltr' id='par_1_2' title="bbox 139 493 1246 685">
     <span class='ocr_line' id='line_1_2' title="bbox 139 493 1246 578; baseline 0.004 -22"><span class='ocrx_word' id='word_1_5' title='bbox 139 493 335 559; x_wconf 82' lang='lat' dir='ltr'><strong>Varroniani</strong></span> <span class='ocrx_word' id='word_1_6' title='bbox 364 494 397 557; x_wconf 96' lang='lat' dir='ltr'><strong>in</strong></span> <span class='ocrx_word' id='word_1_7' title='bbox 427 495 515 558; x_wconf 86' lang='lat' dir='ltr'><strong>vario</strong></span> <span class='ocrx_word' id='word_1_8' title='bbox 549 495 732 558; x_wconf 88' lang='lat' dir='ltr'><strong>litterarum</strong></span> <span class='ocrx_word' id='word_1_9' title='bbox 765 513 881 577; x_wconf 85' lang='lat' dir='ltr'>genere</span> <span class='ocrx_word' id='word_1_10' title='bbox 908 493 1052 558; x_wconf 88' lang='lat' dir='ltr'><strong>delectus</strong></span> <span class='ocrx_word' id='word_1_11' title='bbox 1080 493 1246 578; x_wconf 82' lang='lat' dir='ltr'><strong>vestigiaiu</strong></span> 
     </span>
     <span class='ocr_line' id='line_1_3' title="bbox 140 600 1246 685; baseline 0.003 -22"><span class='ocrx_word' id='word_1_12' title='bbox 140 622 274 664; x_wconf 90' lang='lat' dir='ltr'><strong>recensu</strong></span> <span class='ocrx_word' id='word_1_13' title='bbox 310 600 366 664; x_wconf 92' lang='lat' dir='ltr'><strong>illo</strong></span> <span class='ocrx_word' id='word_1_14' title='bbox 403 601 706 665; x_wconf 90' lang='lat' dir='ltr'><strong>florentissimorum</strong></span> <span class='ocrx_word' id='word_1_15' title='bbox 747 600 963 685; x_wconf 87' lang='lat' dir='ltr'><strong>ingeniorum,</strong></span> <span class='ocrx_word' id='word_1_16' title='bbox 1006 621 1102 684; x_wconf 90' lang='lat' dir='ltr'><strong>quem</strong></span> <span class='ocrx_word' id='word_1_17' title='bbox 1137 600 1246 666; x_wconf 82' lang='lat' dir='ltr'><strong>libroX</strong></span> 
     </span>
    </p>
   </div>
   <div class='ocr_carea' id='block_1_3' title="bbox 138 706 1249 1218">
    <p class='ocr_par' dir='ltr' id='par_1_3' title="bbox 138 706 1249 1218">
     <span class='ocr_line' id='line_1_4' title="bbox 141 706 1247 790; baseline 0.002 -20"><span class='ocrx_word' id='word_1_18' title='bbox 141 706 377 783; x_wconf 86' lang='lat' dir='ltr'><strong>Quinctilianus</strong></span> <span class='ocrx_word' id='word_1_19' title='bbox 393 708 545 790; x_wconf 75' lang='lat' dir='ltr'><strong>instituit,</strong></span> <span class='ocrx_word' id='word_1_20' title='bbox 561 708 775 790; x_wconf 84' lang='lat' dir='ltr'><strong>probabiliter</strong></span> <span class='ocrx_word' id='word_1_21' title='bbox 788 706 984 771; x_wconf 79' lang='lat' dir='ltr'><strong>Merelrlinus</strong></span> <span class='ocrx_word' id='word_1_22' title='bbox 999 707 1247 790; x_wconf 77' lang='lat' dir='ltr'><strong>p.12[539]inu</strong></span> 
     </span>
     <span class='ocr_line' id='line_1_5' title="bbox 140 812 1248 900; baseline 0.001 -23"><span class='ocrx_word' id='word_1_23' title='bbox 140 814 237 898; x_wconf 84' lang='lat' dir='ltr'><strong>gavit.</strong></span> <span class='ocrx_word' id='word_1_24' title='bbox 280 812 496 899; x_wconf 83' lang='lat' dir='ltr'><strong>Quamquam,</strong></span> <span class='ocrx_word' id='word_1_25' title='bbox 526 818 648 900; x_wconf 87' lang='lat' dir='ltr'><strong>quanta</strong></span> <span class='ocrx_word' id='word_1_26' title='bbox 676 815 710 878; x_wconf 94' lang='lat' dir='ltr'><strong>iu</strong></span> <span class='ocrx_word' id='word_1_27' title='bbox 733 814 794 879; x_wconf 91' lang='lat' dir='ltr'><strong>hac</strong></span> <span class='ocrx_word' id='word_1_28' title='bbox 818 836 931 879; x_wconf 89' lang='lat' dir='ltr'><strong>caussa</strong></span> <span class='ocrx_word' id='word_1_29' title='bbox 954 813 1105 878; x_wconf 80' lang='lat' dir='ltr'><strong>cautione</strong></span> <span class='ocrx_word' id='word_1_30' title='bbox 1128 835 1196 898; x_wconf 90' lang='lat' dir='ltr'><strong>opus</strong></span> <span class='ocrx_word' id='word_1_31' title='bbox 1212 815 1248 897; x_wconf 85' lang='lat' dir='ltr'><strong>sil,</strong></span> 
     </span>
     <span class='ocr_line' id='line_1_6' title="bbox 140 919 1248 1006; baseline -0.001 -22"><span class='ocrx_word' id='word_1_32' title='bbox 140 942 212 984; x_wconf 91' lang='lat' dir='ltr'><strong>cum</strong></span> <span class='ocrx_word' id='word_1_33' title='bbox 238 941 354 1003; x_wconf 88' lang='lat' dir='ltr'><strong>perse</strong></span> <span class='ocrx_word' id='word_1_34' title='bbox 384 921 583 1006; x_wconf 85' lang='lat' dir='ltr'><strong>intellegitur</strong></span> <span class='ocrx_word' id='word_1_35' title='bbox 605 926 677 985; x_wconf 88' lang='lat' dir='ltr'><strong>tum</strong></span> <span class='ocrx_word' id='word_1_36' title='bbox 705 922 807 1004; x_wconf 89' lang='lat' dir='ltr'><strong>ipsius</strong></span> <span class='ocrx_word' id='word_1_37' title='bbox 831 919 1003 984; x_wconf 80' lang='lat' dir='ltr'><strong>Merclrlini</strong></span> <span class='ocrx_word' id='word_1_38' title='bbox 1027 919 1169 1004; x_wconf 83' lang='lat' dir='ltr'><strong>exemplo</strong></span> <span class='ocrx_word' id='word_1_39' title='bbox 1187 941 1248 984; x_wconf 88' lang='lat' dir='ltr'><strong>com·</strong></span> 
     </span>
     <span class='ocr_line' id='line_1_7' title="bbox 138 1026 1248 1110; baseline -0.002 -20"><span class='ocrx_word' id='word_1_40' title='bbox 138 1028 306 1110; x_wconf 88' lang='lat' dir='ltr'><strong>probatur.</strong></span> <span class='ocrx_word' id='word_1_41' title='bbox 339 1027 409 1103; x_wconf 73' lang='lat' dir='ltr'><strong>Qui</strong></span> <span class='ocrx_word' id='word_1_42' title='bbox 442 1028 470 1091; x_wconf 90' lang='lat' dir='ltr'><strong>si</strong></span> <span class='ocrx_word' id='word_1_43' title='bbox 503 1051 519 1093; x_wconf 93' lang='lat' dir='ltr'><strong>e</strong></span> <span class='ocrx_word' id='word_1_44' title='bbox 553 1028 763 1105; x_wconf 84' lang='lat' dir='ltr'><strong>Quinctiliaui</strong></span> <span class='ocrx_word' id='word_1_45' title='bbox 796 1031 816 1108; x_wconf 63' lang='grc' dir='ltr'>ἓ</span> <span class='ocrx_word' id='word_1_46' title='bbox 842 1028 988 1092; x_wconf 76' lang='grc'>52-56</span> <span class='ocrx_word' id='word_1_47' title='bbox 1021 1026 1128 1090; x_wconf 86' lang='lat' dir='ltr'><strong>verbis</strong></span> <span class='ocrx_word' id='word_1_48' title='bbox 1156 1028 1248 1109; x_wconf 77' lang='lat' dir='ltr'><strong>septem</strong></span> 
     </span>
     <span class='ocr_line' id='line_1_8' title="bbox 138 1131 1249 1218; baseline 0.002 -22"><span class='ocrx_word' id='word_1_49' title='bbox 138 1138 266 1217; x_wconf 88' lang='lat' dir='ltr'><strong>praeter</strong></span> <span class='ocrx_word' id='word_1_50' title='bbox 289 1133 467 1199; x_wconf 86' lang='lat' dir='ltr'>Homerum</span> <span class='ocrx_word' id='word_1_51' title='bbox 496 1141 610 1218; x_wconf 88' lang='lat' dir='ltr'><strong>poetas</strong></span> <span class='ocrx_word' id='word_1_52' title='bbox 635 1134 774 1200; x_wconf 86' lang='lat' dir='ltr'><strong>Graecos</strong></span> <span class='ocrx_word' id='word_1_53' title='bbox 802 1136 910 1218; x_wconf 81' lang='lat' dir='ltr'>epicos</span> <span class='ocrx_word' id='word_1_54' title='bbox 939 1134 1075 1199; x_wconf 82' lang='lat' dir='ltr'>eruebat</span> <span class='ocrx_word' id='word_1_55' title='bbox 1097 1131 1249 1213; x_wconf 72' lang='lat' dir='ltr'><strong>Hesiodum,</strong></span> 
     </span>
    </p>
   </div>
   <div class='ocr_carea' id='block_1_4' title="bbox 136 1239 1257 4524">
    <p class='ocr_par' dir='ltr' id='par_1_4' title="bbox 136 1239 1257 4524">
     <span class='ocr_line' id='line_1_9' title="bbox 140 1239 1251 1325; baseline 0 -21"><span class='ocrx_word' id='word_1_56' title='bbox 140 1241 320 1325; x_wconf 88' lang='lat' dir='ltr'><strong>Panyasin,</strong></span> <span class='ocrx_word' id='word_1_57' title='bbox 358 1240 584 1324; x_wconf 88' lang='lat' dir='ltr'><strong>Apollonium,</strong></span> <span class='ocrx_word' id='word_1_58' title='bbox 622 1242 777 1324; x_wconf 81' lang='lat' dir='ltr'><strong>Aratum,</strong></span> <span class='ocrx_word' id='word_1_59' title='bbox 817 1241 1042 1324; x_wconf 79' lang='lat' dir='ltr'><strong>Theocritum,</strong></span> <span class='ocrx_word' id='word_1_60' title='bbox 1083 1239 1251 1320; x_wconf 82' lang='lat' dir='ltr'><strong>Pisandrum,</strong></span> 
     </span>
     <span class='ocr_line' id='line_1_10' title="bbox 139 1346 1251 1433; baseline -0.002 -22"><span class='ocrx_word' id='word_1_61' title='bbox 139 1346 354 1430; x_wconf 84' lang='lat' dir='ltr'><strong>Nicandrum,</strong></span> <span class='ocrx_word' id='word_1_62' title='bbox 387 1348 504 1433; x_wconf 91' lang='lat' dir='ltr'><strong>quibus</strong></span> <span class='ocrx_word' id='word_1_63' title='bbox 532 1350 574 1413; x_wconf 88' lang='lat' dir='ltr'><strong>ab</strong></span> <span class='ocrx_word' id='word_1_64' title='bbox 606 1350 677 1432; x_wconf 91' lang='lat' dir='ltr'><strong>ipso</strong></span> <span class='ocrx_word' id='word_1_65' title='bbox 706 1348 924 1424; x_wconf 86' lang='lat' dir='ltr'><strong>Quinctiliano</strong></span> <span class='ocrx_word' id='word_1_66' title='bbox 956 1347 1117 1411; x_wconf 87' lang='lat' dir='ltr'><strong>adiectum</strong></span> <span class='ocrx_word' id='word_1_67' title='bbox 1148 1350 1251 1430; x_wconf 85' lang='lat' dir='ltr'><strong>propter</strong></span> 
     </span>
     <span class='ocr_line' id='line_1_11' title="bbox 139 1453 1254 1539; baseline -0.001 -22"><span class='ocrx_word' id='word_1_68' title='bbox 139 1454 356 1519; x_wconf 87' lang='lat' dir='ltr'><strong>imitationem</strong></span> <span class='ocrx_word' id='word_1_69' title='bbox 388 1455 529 1539; x_wconf 83' lang='lat' dir='ltr'><strong>Vergilii</strong></span> <span class='ocrx_word' id='word_1_70' title='bbox 560 1455 805 1539; x_wconf 80' lang='lat' dir='ltr'><strong>Euphorionem</strong></span> <span class='ocrx_word' id='word_1_71' title='bbox 837 1454 1033 1537; x_wconf 85' lang='lat' dir='ltr'><strong>coniciebat,</strong></span> <span class='ocrx_word' id='word_1_72' title='bbox 1065 1453 1254 1536; x_wconf 79' lang='lat' dir='ltr'><strong>imprudenter</strong></span> 
     </span>
     <span class='ocr_line' id='line_1_12' title="bbox 142 1558 1255 1644; baseline -0.001 -20"><span class='ocrx_word' id='word_1_73' title='bbox 142 1560 370 1625; x_wconf 81' lang='lat' dir='ltr'><strong>Antimachum</strong></span> <span class='ocrx_word' id='word_1_74' title='bbox 407 1562 553 1643; x_wconf 83' lang='lat' dir='ltr'><strong>neglexit</strong></span> <span class='ocrx_word' id='word_1_75' title='bbox 588 1562 673 1626; x_wconf 87' lang='lat' dir='ltr'><strong>inter</strong></span> <span class='ocrx_word' id='word_1_76' title='bbox 704 1560 882 1626; x_wconf 82' lang='lat' dir='ltr'><strong>Hesiodum</strong></span> <span class='ocrx_word' id='word_1_77' title='bbox 920 1566 953 1624; x_wconf 90' lang='lat' dir='ltr'><strong>et</strong></span> <span class='ocrx_word' id='word_1_78' title='bbox 985 1558 1147 1644; x_wconf 86' lang='lat' dir='ltr'><strong>Panyasin</strong></span> <span class='ocrx_word' id='word_1_79' title='bbox 1180 1560 1255 1623; x_wconf 84' lang='lat' dir='ltr'><strong>iuter·</strong></span> 
     </span>
     <span class='ocr_line' id='line_1_13' title="bbox 139 1665 1257 1750; baseline -0.003 -19"><span class='ocrx_word' id='word_1_80' title='bbox 139 1669 267 1734; x_wconf 84' lang='lat' dir='ltr'><strong>iccium.</strong></span> <span class='ocrx_word' id='word_1_81' title='bbox 307 1667 391 1732; x_wconf 92' lang='lat' dir='ltr'><strong>Item</strong></span> <span class='ocrx_word' id='word_1_82' title='bbox 424 1690 495 1732; x_wconf 92' lang='lat' dir='ltr'><strong>cum</strong></span> <span class='ocrx_word' id='word_1_83' title='bbox 523 1668 714 1733; x_wconf 87' lang='lat' dir='ltr'><strong>Latinorum</strong></span> <span class='ocrx_word' id='word_1_84' title='bbox 748 1667 983 1732; x_wconf 89' lang='lat' dir='ltr'><strong>hebdomadem</strong></span> <span class='ocrx_word' id='word_1_85' title='bbox 1013 1668 1174 1750; x_wconf 89' lang='lat' dir='ltr'><strong>epiccmm</strong></span> <span class='ocrx_word' id='word_1_86' title='bbox 1200 1665 1257 1731; x_wconf 85' lang='lat' dir='ltr'><strong>inde</strong></span> 
     </span>
     <span class='ocr_line' id='line_1_14' title="bbox 139 1772 1257 1859; baseline -0.003 -21"><span class='ocrx_word' id='word_1_87' title='bbox 139 1778 201 1855; x_wconf 65' lang='grc' dir='ltr'><strong>αξ</strong></span> <span class='ocrx_word' id='word_1_88' title='bbox 226 1775 268 1839; x_wconf 82' lang='grc'><strong>85</strong></span> <span class='ocrx_word' id='word_1_89' title='bbox 297 1780 517 1839; x_wconf 88' lang='lat' dir='ltr'><strong>enumeratam</strong></span> <span class='ocrx_word' id='word_1_90' title='bbox 551 1780 658 1858; x_wconf 85' lang='lat' dir='ltr'><strong>putat,</strong></span> <span class='ocrx_word' id='word_1_91' title='bbox 691 1797 772 1859; x_wconf 91' lang='lat' dir='ltr'><strong>quae</strong></span> <span class='ocrx_word' id='word_1_92' title='bbox 800 1773 1070 1857; x_wconf 86' lang='lat' dir='ltr'><strong>complecteretur</strong></span> <span class='ocrx_word' id='word_1_93' title='bbox 1096 1772 1257 1858; x_wconf 82' lang='lat' dir='ltr'><strong>Vergilium,</strong></span> 
     </span>
     <span class='ocr_line' id='line_1_15' title="bbox 139 1879 1257 1966; baseline 0 -22"><span class='ocrx_word' id='word_1_94' title='bbox 139 1881 297 1962; x_wconf 89' lang='lat' dir='ltr'><strong>Macrum,</strong></span> <span class='ocrx_word' id='word_1_95' title='bbox 320 1882 513 1966; x_wconf 89' lang='lat' dir='ltr'><strong>Lucretium,</strong></span> <span class='ocrx_word' id='word_1_96' title='bbox 536 1881 715 1946; x_wconf 90' lang='lat' dir='ltr'><strong>Varronem</strong></span> <span class='ocrx_word' id='word_1_97' title='bbox 739 1881 924 1961; x_wconf 89' lang='lat' dir='ltr'><strong>Atacinum,</strong></span> <span class='ocrx_word' id='word_1_98' title='bbox 947 1879 1100 1962; x_wconf 91' lang='lat' dir='ltr'><strong>Ennium,</strong></span> <span class='ocrx_word' id='word_1_99' title='bbox 1125 1879 1257 1957; x_wconf 78' lang='lat' dir='ltr'><strong>Ovidium,</strong></span> 
     </span>
     <span class='ocr_line' id='line_1_16' title="bbox 139 1986 1257 2072; baseline -0.001 -22"><span class='ocrx_word' id='word_1_100' title='bbox 139 1986 325 2052; x_wconf 81' lang='lat' dir='ltr'><strong>Cornelium</strong></span> <span class='ocrx_word' id='word_1_101' title='bbox 350 1987 516 2072; x_wconf 83' lang='lat' dir='ltr'><strong>Severum,</strong></span> <span class='ocrx_word' id='word_1_102' title='bbox 539 1989 661 2054; x_wconf 89' lang='lat' dir='ltr'><strong>oblitus</strong></span> <span class='ocrx_word' id='word_1_103' title='bbox 686 1994 736 2052; x_wconf 89' lang='lat' dir='ltr'><strong>est</strong></span> <span class='ocrx_word' id='word_1_104' title='bbox 759 2010 856 2052; x_wconf 92' lang='lat' dir='ltr'><strong>unum</strong></span> <span class='ocrx_word' id='word_1_105' title='bbox 880 1986 965 2051; x_wconf 90' lang='lat' dir='ltr'><strong>libro</strong></span> <span class='ocrx_word' id='word_1_106' title='bbox 988 1986 1157 2071; x_wconf 90' lang='lat' dir='ltr'><strong>isagogico</strong></span> <span class='ocrx_word' id='word_1_107' title='bbox 1178 2007 1257 2051; x_wconf 88' lang='lat' dir='ltr'><strong>reser-</strong></span> 
     </span>
     <span class='ocr_line' id='line_1_17' title="bbox 139 2093 1257 2177; baseline -0.002 -19"><span class='ocrx_word' id='word_1_108' title='bbox 139 2095 278 2158; x_wconf 89' lang='lat' dir='ltr'><strong>vandum</strong></span> <span class='ocrx_word' id='word_1_109' title='bbox 299 2096 407 2158; x_wconf 83' lang='lat' dir='ltr'><strong>fuisse.</strong></span> <span class='ocrx_word' id='word_1_110' title='bbox 442 2093 504 2159; x_wconf 85' lang='lat' dir='ltr'><strong>Sed</strong></span> <span class='ocrx_word' id='word_1_111' title='bbox 522 2096 573 2159; x_wconf 84' lang='lat' dir='ltr'><strong>vel</strong></span> <span class='ocrx_word' id='word_1_112' title='bbox 593 2095 638 2159; x_wconf 90' lang='lat' dir='ltr'><strong>sic</strong></span> <span class='ocrx_word' id='word_1_113' title='bbox 658 2095 894 2160; x_wconf 88' lang='lat' dir='ltr'><strong>concedendum</strong></span> <span class='ocrx_word' id='word_1_114' title='bbox 913 2098 1094 2158; x_wconf 81' lang='lat' dir='ltr'><strong>esttamen</strong></span> <span class='ocrx_word' id='word_1_115' title='bbox 1114 2097 1164 2157; x_wconf 87' lang='lat' dir='ltr'><strong>sat</strong></span> <span class='ocrx_word' id='word_1_116' title='bbox 1180 2109 1257 2177; x_wconf 75' lang='lat' dir='ltr'><strong>prope</strong></span> 
     </span>
     <span class='ocr_line' id='line_1_18' title="bbox 139 2199 1257 2286; baseline -0.001 -21"><span class='ocrx_word' id='word_1_117' title='bbox 139 2200 178 2265; x_wconf 88' lang='lat' dir='ltr'><strong>ad</strong></span> <span class='ocrx_word' id='word_1_118' title='bbox 211 2223 380 2265; x_wconf 89' lang='lat' dir='ltr'><strong>numerum</strong></span> <span class='ocrx_word' id='word_1_119' title='bbox 413 2203 631 2285; x_wconf 89' lang='lat' dir='ltr'><strong>septenarium</strong></span> <span class='ocrx_word' id='word_1_120' title='bbox 664 2201 791 2286; x_wconf 89' lang='lat' dir='ltr'><strong>aliquot</strong></span> <span class='ocrx_word' id='word_1_121' title='bbox 821 2200 953 2284; x_wconf 87' lang='lat' dir='ltr'><strong>pinacas</strong></span> <span class='ocrx_word' id='word_1_122' title='bbox 985 2199 1194 2275; x_wconf 82' lang='lat' dir='ltr'><strong>Quinctiliaui</strong></span> <span class='ocrx_word' id='word_1_123' title='bbox 1221 2219 1257 2264; x_wconf 82' lang='lat' dir='ltr'><strong>ae</strong></span> 
     </span>
     <span class='ocr_line' id='line_1_19' title="bbox 139 2306 1257 2393; baseline -0.001 -23"><span class='ocrx_word' id='word_1_124' title='bbox 139 2307 258 2390; x_wconf 89' lang='lat' dir='ltr'><strong>cedere,</strong></span> <span class='ocrx_word' id='word_1_125' title='bbox 282 2315 318 2372; x_wconf 85' lang='lat' dir='ltr'><strong>ut</strong></span> <span class='ocrx_word' id='word_1_126' title='bbox 342 2309 396 2392; x_wconf 90' lang='lat' dir='ltr'><strong>qui</strong></span> <span class='ocrx_word' id='word_1_127' title='bbox 420 2309 564 2393; x_wconf 84' lang='lat' dir='ltr'><strong>profecto</strong></span> <span class='ocrx_word' id='word_1_128' title='bbox 584 2307 634 2374; x_wconf 86' lang='lat' dir='ltr'><strong>vel</strong></span> <span class='ocrx_word' id='word_1_129' title='bbox 654 2307 770 2372; x_wconf 88' lang='lat' dir='ltr'><strong>addere</strong></span> <span class='ocrx_word' id='word_1_130' title='bbox 789 2307 839 2370; x_wconf 84' lang='lat' dir='ltr'><strong>rel</strong></span> <span class='ocrx_word' id='word_1_131' title='bbox 860 2307 1009 2371; x_wconf 89' lang='lat' dir='ltr'><strong>omittere</strong></span> <span class='ocrx_word' id='word_1_132' title='bbox 1029 2329 1130 2371; x_wconf 90' lang='lat' dir='ltr'><strong>unum</strong></span> <span class='ocrx_word' id='word_1_133' title='bbox 1148 2312 1180 2370; x_wconf 87' lang='lat' dir='ltr'><strong>et</strong></span> <span class='ocrx_word' id='word_1_134' title='bbox 1198 2306 1257 2370; x_wconf 81' lang='lat' dir='ltr'><strong>iter</strong></span> 
     </span>
     <span class='ocr_line' id='line_1_20' title="bbox 139 2412 1257 2499; baseline -0.001 -22"><span class='ocrx_word' id='word_1_135' title='bbox 139 2415 277 2478; x_wconf 89' lang='lat' dir='ltr'><strong>alterum</strong></span> <span class='ocrx_word' id='word_1_136' title='bbox 300 2437 418 2480; x_wconf 89' lang='lat' dir='ltr'><strong>nomeu</strong></span> <span class='ocrx_word' id='word_1_137' title='bbox 442 2415 584 2499; x_wconf 89' lang='lat' dir='ltr'><strong>potuerit</strong></span> <span class='ocrx_word' id='word_1_138' title='bbox 604 2415 652 2478; x_wconf 84' lang='lat' dir='ltr'><strong>vel</strong></span> <span class='ocrx_word' id='word_1_139' title='bbox 672 2416 771 2480; x_wconf 91' lang='lat' dir='ltr'><strong>etiam</strong></span> <span class='ocrx_word' id='word_1_140' title='bbox 792 2413 880 2478; x_wconf 90' lang='lat' dir='ltr'><strong>aliud</strong></span> <span class='ocrx_word' id='word_1_141' title='bbox 902 2413 937 2477; x_wconf 90' lang='lat' dir='ltr'><strong>in</strong></span> <span class='ocrx_word' id='word_1_142' title='bbox 957 2412 1154 2478; x_wconf 87' lang='lat' dir='ltr'><strong>Varroniani</strong></span> <span class='ocrx_word' id='word_1_143' title='bbox 1175 2414 1257 2478; x_wconf 85' lang='lat' dir='ltr'><strong>locun</strong></span> 
     </span>
     <span class='ocr_line' id='line_1_21' title="bbox 139 2518 1257 2602; baseline 0 -19"><span class='ocrx_word' id='word_1_144' title='bbox 139 2525 176 2584; x_wconf 89' lang='lat' dir='ltr'><strong>ut</strong></span> <span class='ocrx_word' id='word_1_145' title='bbox 198 2521 395 2586; x_wconf 82' lang='lat' dir='ltr'><strong>obscurioris</strong></span> <span class='ocrx_word' id='word_1_146' title='bbox 419 2522 623 2586; x_wconf 82' lang='lat' dir='ltr'><strong>substituere.</strong></span> <span class='ocrx_word' id='word_1_147' title='bbox 663 2521 732 2585; x_wconf 90' lang='lat' dir='ltr'><strong>Nec</strong></span> <span class='ocrx_word' id='word_1_148' title='bbox 750 2521 837 2584; x_wconf 90' lang='lat' dir='ltr'><strong>enim</strong></span> <span class='ocrx_word' id='word_1_149' title='bbox 860 2518 1064 2584; x_wconf 85' lang='lat' dir='ltr'><strong>obscuriores</strong></span> <span class='ocrx_word' id='word_1_150' title='bbox 1088 2519 1257 2602; x_wconf 81' lang='lat' dir='ltr'><strong>quosdamr</strong></span> 
     </span>
     <span class='ocr_line' id='line_1_22' title="bbox 138 2625 1257 2709; baseline -0.003 -20"><span class='ocrx_word' id='word_1_151' title='bbox 138 2627 287 2693; x_wconf 88' lang='lat' dir='ltr'><strong>Varrone</strong></span> <span class='ocrx_word' id='word_1_152' title='bbox 306 2630 453 2693; x_wconf 86' lang='lat' dir='ltr'><strong>exclusos</strong></span> <span class='ocrx_word' id='word_1_153' title='bbox 473 2651 542 2691; x_wconf 90' lang='lat' dir='ltr'><strong>esse</strong></span> <span class='ocrx_word' id='word_1_154' title='bbox 562 2628 612 2690; x_wconf 89' lang='lat' dir='ltr'><strong>vel</strong></span> <span class='ocrx_word' id='word_1_155' title='bbox 631 2626 826 2692; x_wconf 82' lang='lat' dir='ltr'><strong>Menecratis</strong></span> <span class='ocrx_word' id='word_1_156' title='bbox 846 2626 993 2709; x_wconf 84' lang='lat' dir='ltr'><strong>exemplo</strong></span> <span class='ocrx_word' id='word_1_157' title='bbox 1013 2625 1181 2690; x_wconf 85' lang='lat' dir='ltr'><strong>architecti</strong></span> <span class='ocrx_word' id='word_1_158' title='bbox 1199 2625 1257 2689; x_wconf 73' lang='lat' dir='ltr'><strong>salii</strong></span> 
     </span>
     <span class='ocr_line' id='line_1_23' title="bbox 138 2732 1257 2818; baseline -0.003 -20"><span class='ocrx_word' id='word_1_159' title='bbox 138 2738 276 2798; x_wconf 89' lang='lat' dir='ltr'><strong>constat.</strong></span> <span class='ocrx_word' id='word_1_160' title='bbox 304 2773 339 2780; x_wconf 95' lang='lat'>-</span> <span class='ocrx_word' id='word_1_161' title='bbox 368 2734 489 2798; x_wconf 85' lang='lat' dir='ltr'><strong>Verum</strong></span> <span class='ocrx_word' id='word_1_162' title='bbox 513 2733 599 2818; x_wconf 88' lang='lat' dir='ltr'><strong>quod</strong></span> <span class='ocrx_word' id='word_1_163' title='bbox 622 2733 708 2797; x_wconf 89' lang='lat' dir='ltr'><strong>haud</strong></span> <span class='ocrx_word' id='word_1_164' title='bbox 732 2733 842 2816; x_wconf 89' lang='lat' dir='ltr'><strong>paullo</strong></span> <span class='ocrx_word' id='word_1_165' title='bbox 867 2732 999 2816; x_wconf 86' lang='lat' dir='ltr'><strong>gravius</strong></span> <span class='ocrx_word' id='word_1_166' title='bbox 1023 2754 1094 2796; x_wconf 90' lang='lat' dir='ltr'><strong>esse</strong></span> <span class='ocrx_word' id='word_1_167' title='bbox 1117 2733 1257 2796; x_wconf 86' lang='lat' dir='ltr'><strong>sentimus</strong></span> 
     </span>
     <span class='ocr_line' id='line_1_24' title="bbox 139 2838 1257 2925; baseline -0.004 -20"><span class='ocrx_word' id='word_1_168' title='bbox 139 2842 199 2905; x_wconf 92' lang='lat' dir='ltr'><strong>hoc</strong></span> <span class='ocrx_word' id='word_1_169' title='bbox 232 2846 294 2925; x_wconf 86' lang='lat' dir='ltr'><strong>est,</strong></span> <span class='ocrx_word' id='word_1_170' title='bbox 331 2847 368 2906; x_wconf 92' lang='lat' dir='ltr'><strong>ut</strong></span> <span class='ocrx_word' id='word_1_171' title='bbox 399 2864 462 2905; x_wconf 94' lang='lat' dir='ltr'><strong>non</strong></span> <span class='ocrx_word' id='word_1_172' title='bbox 501 2863 595 2924; x_wconf 89' lang='lat' dir='ltr'><strong>posse</strong></span> <span class='ocrx_word' id='word_1_173' title='bbox 628 2862 691 2905; x_wconf 89' lang='lat' dir='ltr'><strong>uon</strong></span> <span class='ocrx_word' id='word_1_174' title='bbox 725 2861 825 2902; x_wconf 90' lang='lat' dir='ltr'><strong>unum</strong></span> <span class='ocrx_word' id='word_1_175' title='bbox 862 2838 980 2901; x_wconf 91' lang='lat' dir='ltr'><strong>librum</strong></span> <span class='ocrx_word' id='word_1_176' title='bbox 1014 2838 1176 2923; x_wconf 89' lang='lat' dir='ltr'><strong>integrum</strong></span> <span class='ocrx_word' id='word_1_177' title='bbox 1207 2859 1257 2902; x_wconf 89' lang='lat' dir='ltr'><strong>cun</strong></span> 
     </span>
     <span class='ocr_line' id='line_1_25' title="bbox 139 2945 1257 3029; baseline -0.001 -20"><span class='ocrx_word' id='word_1_178' title='bbox 139 2946 282 3012; x_wconf 86' lang='lat' dir='ltr'><strong>Graecae</strong></span> <span class='ocrx_word' id='word_1_179' title='bbox 306 2952 374 3011; x_wconf 85' lang='lat' dir='ltr'><strong>tum</strong></span> <span class='ocrx_word' id='word_1_180' title='bbox 394 2948 527 3011; x_wconf 86' lang='lat' dir='ltr'><strong>Latinae</strong></span> <span class='ocrx_word' id='word_1_181' title='bbox 552 2946 640 3028; x_wconf 90' lang='lat' dir='ltr'><strong>poesi</strong></span> <span class='ocrx_word' id='word_1_182' title='bbox 665 2946 863 3009; x_wconf 88' lang='lat' dir='ltr'><strong>destinatum</strong></span> <span class='ocrx_word' id='word_1_183' title='bbox 883 2966 952 3006; x_wconf 90' lang='lat' dir='ltr'><strong>esse</strong></span> <span class='ocrx_word' id='word_1_184' title='bbox 972 2965 1156 3029; x_wconf 87' lang='lat' dir='ltr'><strong>arguamus.</strong></span> <span class='ocrx_word' id='word_1_185' title='bbox 1189 2945 1257 3021; x_wconf 87' lang='lat' dir='ltr'><strong>Quo</strong></span> 
     </span>
     <span class='ocr_line' id='line_1_26' title="bbox 139 3050 1257 3136; baseline -0.001 -19"><span class='ocrx_word' id='word_1_186' title='bbox 139 3059 174 3117; x_wconf 92' lang='lat' dir='ltr'><strong>ut</strong></span> <span class='ocrx_word' id='word_1_187' title='bbox 202 3056 248 3118; x_wconf 90' lang='lat' dir='ltr'><strong>ita</strong></span> <span class='ocrx_word' id='word_1_188' title='bbox 277 3077 346 3118; x_wconf 89' lang='lat' dir='ltr'><strong>esse</strong></span> <span class='ocrx_word' id='word_1_189' title='bbox 375 3055 564 3136; x_wconf 71' lang='lat' dir='ltr'><strong>perspiciam,</strong></span> <span class='ocrx_word' id='word_1_190' title='bbox 592 3053 755 3136; x_wconf 89' lang='lat' dir='ltr'><strong>perlustra</strong></span> <span class='ocrx_word' id='word_1_191' title='bbox 784 3074 902 3136; x_wconf 85' lang='lat' dir='ltr'><strong>quaeso</strong></span> <span class='ocrx_word' id='word_1_192' title='bbox 932 3050 1130 3116; x_wconf 87' lang='lat' dir='ltr'><strong>Graecorum</strong></span> <span class='ocrx_word' id='word_1_193' title='bbox 1158 3054 1189 3116; x_wconf 88' lang='lat' dir='ltr'><strong>in</strong></span> <span class='ocrx_word' id='word_1_194' title='bbox 1219 3050 1257 3116; x_wconf 90' lang='lat' dir='ltr'><strong>ho</strong></span> 
     </span>
     <span class='ocr_line' id='line_1_27' title="bbox 138 3159 1257 3243; baseline 0.001 -21"><span class='ocrx_word' id='word_1_195' title='bbox 138 3181 256 3243; x_wconf 87' lang='lat' dir='ltr'><strong>genere</strong></span> <span class='ocrx_word' id='word_1_196' title='bbox 283 3161 495 3225; x_wconf 88' lang='lat' dir='ltr'><strong>fertilitatem.</strong></span> <span class='ocrx_word' id='word_1_197' title='bbox 537 3161 602 3224; x_wconf 90' lang='lat' dir='ltr'><strong>Fac</strong></span> <span class='ocrx_word' id='word_1_198' title='bbox 630 3183 727 3224; x_wconf 89' lang='lat' dir='ltr'><strong>unam</strong></span> <span class='ocrx_word' id='word_1_199' title='bbox 759 3163 885 3223; x_wconf 89' lang='lat' dir='ltr'><strong>tautum</strong></span> <span class='ocrx_word' id='word_1_200' title='bbox 917 3159 1154 3223; x_wconf 90' lang='lat' dir='ltr'><strong>hebdomadam</strong></span> <span class='ocrx_word' id='word_1_201' title='bbox 1183 3159 1257 3243; x_wconf 88' lang='lat' dir='ltr'><strong>epici</strong></span> 
     </span>
     <span class='ocr_line' id='line_1_28' title="bbox 138 3265 1257 3349; baseline -0.004 -17"><span class='ocrx_word' id='word_1_202' title='bbox 138 3290 321 3332; x_wconf 87' lang='lat' dir='ltr'><strong>concessam</strong></span> <span class='ocrx_word' id='word_1_203' title='bbox 345 3267 459 3331; x_wconf 84' lang='lat' dir='ltr'><strong>fuisse:</strong></span> <span class='ocrx_word' id='word_1_204' title='bbox 485 3272 519 3331; x_wconf 87' lang='lat' dir='ltr'><strong>at</strong></span> <span class='ocrx_word' id='word_1_205' title='bbox 543 3267 681 3331; x_wconf 92' lang='lat' dir='ltr'><strong>multum</strong></span> <span class='ocrx_word' id='word_1_206' title='bbox 701 3289 778 3330; x_wconf 85' lang='lat' dir='ltr'><strong>sane</strong></span> <span class='ocrx_word' id='word_1_207' title='bbox 798 3267 891 3329; x_wconf 89' lang='lat' dir='ltr'><strong>unius</strong></span> <span class='ocrx_word' id='word_1_208' title='bbox 912 3265 1080 3349; x_wconf 87' lang='lat' dir='ltr'><strong>angustias</strong></span> <span class='ocrx_word' id='word_1_209' title='bbox 1103 3265 1257 3348; x_wconf 81' lang='lat' dir='ltr'><strong>lyricorur</strong></span> 
     </span>
     <span class='ocr_line' id='line_1_29' title="bbox 139 3371 1257 3459; baseline -0.004 -21"><span class='ocrx_word' id='word_1_210' title='bbox 139 3379 234 3458; x_wconf 79' lang='lat' dir='ltr'><strong>atque</strong></span> <span class='ocrx_word' id='word_1_211' title='bbox 254 3374 471 3459; x_wconf 83' lang='lat' dir='ltr'><strong>elegiacomm</strong></span> <span class='ocrx_word' id='word_1_212' title='bbox 491 3376 523 3437; x_wconf 85' lang='lat' dir='ltr'><strong>et</strong></span> <span class='ocrx_word' id='word_1_213' title='bbox 546 3374 728 3457; x_wconf 89' lang='lat' dir='ltr'><strong>frequentia</strong></span> <span class='ocrx_word' id='word_1_214' title='bbox 751 3373 925 3455; x_wconf 87' lang='lat' dir='ltr'><strong>superabat</strong></span> <span class='ocrx_word' id='word_1_215' title='bbox 943 3375 976 3434; x_wconf 87' lang='lat' dir='ltr'><strong>et</strong></span> <span class='ocrx_word' id='word_1_216' title='bbox 995 3371 1189 3435; x_wconf 85' lang='lat' dir='ltr'><strong>certissimis</strong></span> <span class='ocrx_word' id='word_1_217' title='bbox 1212 3372 1257 3434; x_wconf 89' lang='lat' dir='ltr'><strong>fin:</strong></span> 
     </span>
     <span class='ocr_line' id='line_1_30' title="bbox 139 3477 1257 3561; baseline -0.004 -16"><span class='ocrx_word' id='word_1_218' title='bbox 139 3482 199 3545; x_wconf 90' lang='lat' dir='ltr'><strong>bus</strong></span> <span class='ocrx_word' id='word_1_219' title='bbox 224 3482 363 3544; x_wconf 87' lang='lat' dir='ltr'><strong>discreta</strong></span> <span class='ocrx_word' id='word_1_220' title='bbox 385 3482 486 3545; x_wconf 92' lang='lat' dir='ltr'><strong>notio.</strong></span> <span class='ocrx_word' id='word_1_221' title='bbox 515 3480 562 3544; x_wconf 89' lang='lat' dir='ltr'><strong>Vt</strong></span> <span class='ocrx_word' id='word_1_222' title='bbox 580 3481 632 3544; x_wconf 87' lang='lat' dir='ltr'><strong>vix</strong></span> <span class='ocrx_word' id='word_1_223' title='bbox 656 3480 818 3543; x_wconf 91' lang='lat' dir='ltr'><strong>immerito</strong></span> <span class='ocrx_word' id='word_1_224' title='bbox 838 3479 931 3541; x_wconf 91' lang='lat' dir='ltr'><strong>unius</strong></span> <span class='ocrx_word' id='word_1_225' title='bbox 955 3477 1169 3542; x_wconf 86' lang='lat' dir='ltr'><strong>hebdomadis</strong></span> <span class='ocrx_word' id='word_1_226' title='bbox 1189 3497 1257 3561; x_wconf 78' lang='lat' dir='ltr'><strong>argi</strong></span> 
     </span>
     <span class='ocr_line' id='line_1_31' title="bbox 139 3583 1257 3668; baseline -0.003 -18"><span class='ocrx_word' id='word_1_227' title='bbox 139 3593 281 3652; x_wconf 88' lang='lat' dir='ltr'><strong>mentum</strong></span> <span class='ocrx_word' id='word_1_228' title='bbox 312 3588 485 3651; x_wconf 88' lang='lat' dir='ltr'><strong>credantur</strong></span> <span class='ocrx_word' id='word_1_229' title='bbox 512 3587 646 3668; x_wconf 78' lang='lat' dir='ltr'><strong>Callini,</strong></span> <span class='ocrx_word' id='word_1_230' title='bbox 680 3584 882 3667; x_wconf 84' lang='lat' dir='ltr'><strong>Archilochi,</strong></span> <span class='ocrx_word' id='word_1_231' title='bbox 911 3584 1058 3668; x_wconf 84' lang='lat' dir='ltr'><strong>Tyrtaei,</strong></span> <span class='ocrx_word' id='word_1_232' title='bbox 1087 3583 1257 3648; x_wconf 89' lang='lat' dir='ltr'><strong>Mimnerm</strong></span> 
     </span>
     <span class='ocr_line' id='line_1_32' title="bbox 138 3690 1257 3776; baseline -0.003 -20"><span class='ocrx_word' id='word_1_233' title='bbox 138 3693 295 3776; x_wconf 83' lang='lat' dir='ltr'><strong>Philetas,</strong></span> <span class='ocrx_word' id='word_1_234' title='bbox 319 3693 604 3775; x_wconf 84' lang='lat' dir='ltr'><strong>Hermesianactis,</strong></span> <span class='ocrx_word' id='word_1_235' title='bbox 628 3691 819 3756; x_wconf 81' lang='lat' dir='ltr'><strong>Callimachi</strong></span> <span class='ocrx_word' id='word_1_236' title='bbox 839 3691 949 3755; x_wconf 88' lang='lat' dir='ltr'><strong>laudes</strong></span> <span class='ocrx_word' id='word_1_237' title='bbox 968 3690 1168 3773; x_wconf 87' lang='lat' dir='ltr'><strong>praebuisse,</strong></span> <span class='ocrx_word' id='word_1_238' title='bbox 1191 3691 1257 3754; x_wconf 83' lang='lat' dir='ltr'><strong>item</strong></span> 
     </span>
     <span class='ocr_line' id='line_1_33' title="bbox 138 3796 1257 3883; baseline -0.003 -20"><span class='ocrx_word' id='word_1_239' title='bbox 138 3822 198 3883; x_wconf 89' lang='lat' dir='ltr'><strong>que</strong></span> <span class='ocrx_word' id='word_1_240' title='bbox 228 3799 321 3863; x_wconf 92' lang='lat' dir='ltr'><strong>unius</strong></span> <span class='ocrx_word' id='word_1_241' title='bbox 352 3800 488 3863; x_wconf 88' lang='lat' dir='ltr'><strong>materia</strong></span> <span class='ocrx_word' id='word_1_242' title='bbox 516 3824 532 3862; x_wconf 89' lang='lat' dir='ltr'><strong>e</strong></span> <span class='ocrx_word' id='word_1_243' title='bbox 561 3822 678 3863; x_wconf 86' lang='lat' dir='ltr'><strong>novem</strong></span> <span class='ocrx_word' id='word_1_244' title='bbox 705 3799 758 3883; x_wconf 92' lang='lat' dir='ltr'><strong>qui</strong></span> <span class='ocrx_word' id='word_1_245' title='bbox 788 3798 974 3861; x_wconf 89' lang='lat' dir='ltr'><strong>ferebantur</strong></span> <span class='ocrx_word' id='word_1_246' title='bbox 1007 3796 1119 3878; x_wconf 86' lang='lat' dir='ltr'><strong>lyricis</strong></span> <span class='ocrx_word' id='word_1_247' title='bbox 1149 3796 1257 3860; x_wconf 86' lang='lat' dir='ltr'><strong>Pindai</strong></span> 
     </span>
     <span class='ocr_line' id='line_1_34' title="bbox 139 3903 1257 3991; baseline -0.005 -21"><span class='ocrx_word' id='word_1_248' title='bbox 139 3908 233 3972; x_wconf 89' lang='lat' dir='ltr'><strong>sociis</strong></span> <span class='ocrx_word' id='word_1_249' title='bbox 257 3908 360 3990; x_wconf 86' lang='lat' dir='ltr'><strong>petita</strong></span> <span class='ocrx_word' id='word_1_250' title='bbox 384 3930 462 3971; x_wconf 90' lang='lat' dir='ltr'><strong>esse.</strong></span> <span class='ocrx_word' id='word_1_251' title='bbox 499 3906 573 3970; x_wconf 93' lang='lat' dir='ltr'><strong>Non</strong></span> <span class='ocrx_word' id='word_1_252' title='bbox 593 3907 697 3991; x_wconf 88' lang='lat' dir='ltr'><strong>magis</strong></span> <span class='ocrx_word' id='word_1_253' title='bbox 721 3906 789 3970; x_wconf 89' lang='lat' dir='ltr'><strong>fieri</strong></span> <span class='ocrx_word' id='word_1_254' title='bbox 814 3905 958 3989; x_wconf 89' lang='lat' dir='ltr'><strong>potuisse</strong></span> <span class='ocrx_word' id='word_1_255' title='bbox 982 3903 1120 3986; x_wconf 84' lang='lat' dir='ltr'><strong>videtur,</strong></span> <span class='ocrx_word' id='word_1_256' title='bbox 1143 3903 1220 3988; x_wconf 94' lang='lat' dir='ltr'><strong>quin</strong></span> <span class='ocrx_word' id='word_1_257' title='bbox 1242 3924 1257 3965; x_wconf 89' lang='lat' dir='ltr'><strong>e</strong></span> 
     </span>
     <span class='ocr_line' id='line_1_35' title="bbox 137 4008 1257 4098; baseline -0.006 -21"><span class='ocrx_word' id='word_1_258' title='bbox 137 4014 335 4098; x_wconf 82' lang='lat' dir='ltr'><strong>Epicharmi,</strong></span> <span class='ocrx_word' id='word_1_259' title='bbox 355 4013 489 4097; x_wconf 81' lang='lat' dir='ltr'><strong>Cratini,</strong></span> <span class='ocrx_word' id='word_1_260' title='bbox 508 4013 684 4098; x_wconf 84' lang='lat' dir='ltr'><strong>Eupolidis,</strong></span> <span class='ocrx_word' id='word_1_261' title='bbox 708 4012 949 4096; x_wconf 87' lang='lat' dir='ltr'><strong>Aristophanis,</strong></span> <span class='ocrx_word' id='word_1_262' title='bbox 972 4009 1154 4091; x_wconf 89' lang='lat' dir='ltr'><strong>Menandri,</strong></span> <span class='ocrx_word' id='word_1_263' title='bbox 1178 4008 1257 4073; x_wconf 73' lang='lat' dir='ltr'><strong>Phile</strong></span> 
     </span>
     <span class='ocr_line' id='line_1_36' title="bbox 138 4115 1257 4205; baseline -0.004 -21"><span class='ocrx_word' id='word_1_264' title='bbox 138 4122 243 4184; x_wconf 90' lang='lat' dir='ltr'><strong>monis</strong></span> <span class='ocrx_word' id='word_1_265' title='bbox 285 4123 382 4205; x_wconf 85' lang='lat' dir='ltr'><strong>longe</strong></span> <span class='ocrx_word' id='word_1_266' title='bbox 419 4121 638 4185; x_wconf 88' lang='lat' dir='ltr'><strong>celeberrimis</strong></span> <span class='ocrx_word' id='word_1_267' title='bbox 676 4120 861 4185; x_wconf 88' lang='lat' dir='ltr'><strong>nominibus</strong></span> <span class='ocrx_word' id='word_1_268' title='bbox 900 4118 1025 4182; x_wconf 88' lang='lat' dir='ltr'><strong>nullum</strong></span> <span class='ocrx_word' id='word_1_269' title='bbox 1063 4115 1257 4179; x_wconf 86' lang='lat' dir='ltr'><strong>omitteretur</strong></span> 
     </span>
     <span class='ocr_line' id='line_1_37' title="bbox 137 4220 1257 4310; baseline -0.005 -20"><span class='ocrx_word' id='word_1_270' title='bbox 137 4228 252 4310; x_wconf 90' lang='lat' dir='ltr'><strong>quibus</strong></span> <span class='ocrx_word' id='word_1_271' title='bbox 272 4227 358 4310; x_wconf 93' lang='lat' dir='ltr'><strong>quod</strong></span> <span class='ocrx_word' id='word_1_272' title='bbox 377 4228 534 4291; x_wconf 89' lang='lat' dir='ltr'><strong>sociatum</strong></span> <span class='ocrx_word' id='word_1_273' title='bbox 555 4249 625 4290; x_wconf 87' lang='lat' dir='ltr'><strong>esse</strong></span> <span class='ocrx_word' id='word_1_274' title='bbox 645 4227 817 4310; x_wconf 90' lang='lat' dir='ltr'><strong>septimum</strong></span> <span class='ocrx_word' id='word_1_275' title='bbox 837 4225 988 4303; x_wconf 90' lang='lat' dir='ltr'><strong>dicamus,</strong></span> <span class='ocrx_word' id='word_1_276' title='bbox 1007 4224 1041 4286; x_wconf 92' lang='lat' dir='ltr'><strong>in</strong></span> <span class='ocrx_word' id='word_1_277' title='bbox 1060 4227 1156 4286; x_wconf 87' lang='lat' dir='ltr'><strong>tanta</strong></span> <span class='ocrx_word' id='word_1_278' title='bbox 1176 4220 1257 4285; x_wconf 83' lang='lat' dir='ltr'><strong>multi</strong></span> 
     </span>
     <span class='ocr_line' id='line_1_38' title="bbox 136 4329 1257 4415; baseline -0.004 -19"><span class='ocrx_word' id='word_1_279' title='bbox 136 4332 247 4396; x_wconf 91' lang='lat' dir='ltr'><strong>tudine</strong></span> <span class='ocrx_word' id='word_1_280' title='bbox 271 4333 437 4396; x_wconf 90' lang='lat' dir='ltr'><strong>incertum.</strong></span> <span class='ocrx_word' id='word_1_281' title='bbox 471 4332 593 4409; x_wconf 86' lang='lat' dir='ltr'><strong>Quodsi</strong></span> <span class='ocrx_word' id='word_1_282' title='bbox 613 4332 727 4396; x_wconf 89' lang='lat' dir='ltr'><strong>comici</strong></span> <span class='ocrx_word' id='word_1_283' title='bbox 752 4331 912 4415; x_wconf 87' lang='lat' dir='ltr'><strong>integram</strong></span> <span class='ocrx_word' id='word_1_284' title='bbox 936 4329 1172 4393; x_wconf 87' lang='lat' dir='ltr'><strong>hebdomadem</strong></span> <span class='ocrx_word' id='word_1_285' title='bbox 1192 4349 1257 4392; x_wconf 80' lang='lat' dir='ltr'><strong>occu</strong></span> 
     </span>
     <span class='ocr_line' id='line_1_39' title="bbox 137 4436 1257 4524; baseline -0.003 -22"><span class='ocrx_word' id='word_1_286' title='bbox 137 4440 274 4524; x_wconf 86' lang='lat' dir='ltr'><strong>pabant,</strong></span> <span class='ocrx_word' id='word_1_287' title='bbox 297 4459 362 4502; x_wconf 86' lang='lat' dir='ltr'><strong>nou</strong></span> <span class='ocrx_word' id='word_1_288' title='bbox 387 4439 493 4502; x_wconf 90' lang='lat' dir='ltr'><strong>miuus</strong></span> <span class='ocrx_word' id='word_1_289' title='bbox 516 4438 614 4523; x_wconf 87' lang='lat' dir='ltr'><strong>spatii</strong></span> <span class='ocrx_word' id='word_1_290' title='bbox 639 4437 702 4501; x_wconf 91' lang='lat' dir='ltr'><strong>sibi</strong></span> <span class='ocrx_word' id='word_1_291' title='bbox 725 4438 904 4521; x_wconf 87' lang='lat' dir='ltr'><strong>poscebant</strong></span> <span class='ocrx_word' id='word_1_292' title='bbox 927 4437 1058 4521; x_wconf 88' lang='lat' dir='ltr'><strong>tragici,</strong></span> <span class='ocrx_word' id='word_1_293' title='bbox 1083 4436 1216 4500; x_wconf 87' lang='lat' dir='ltr'><strong>tametsi</strong></span> <span class='ocrx_word' id='word_1_294' title='bbox 1239 4436 1257 4499; x_wconf 82' lang='lat' dir='ltr'><strong>a</strong></span> 
     </span>
    </p>
   </div>
   <div class='ocr_carea' id='block_1_5' title="bbox 0 0 1470 5026">
    <p class='ocr_par' dir='ltr' id='par_1_5' title="bbox 0 0 1470 5026">
     <span class='ocr_line' id='line_1_40' title="bbox 0 0 1470 5026; baseline 0 0"><span class='ocrx_word' id='word_1_295' title='bbox 0 0 1470 5026; x_wconf 95' lang='lat' dir='ltr'><strong> </strong></span> 
     </span>
    </p>
   </div>
  </div>
 </body>
</html>
