2932 5026
90 40 103 385 t
443 302 658 357 rsarnsavrr
680 304 995 357 rsussrrsusnvrr.
1224 290 1291 359 293

95 518 99 525 ,
187 450 229 515 tiu
250 470 309 515 usus
333 448 532 515 sasemis
559 446 726 515 dictitent:
756 448 852 535 qussi
879 470 946 515 nou
975 450 1082 517 bonae
1112 450 1292 535 scripturae

259 556 289 623 iu
312 554 474 641 pessimos
506 554 670 621 interdum
699 554 826 621 codices
854 554 994 623 fortuito
1021 554 1182 643 irrepant,
1219 560 1292 625 turn

184 681 274 749 mpu
295 682 373 727 sane
398 680 534 727 numero
559 660 743 727 ueccmario
770 682 958 729 communes
983 663 1199 747 pessimorum
1225 664 1294 732 sint

182 764 390 853 crnoptimis:
416 764 512 851 quasi
538 786 616 833 vero
638 787 705 833 non
727 766 873 852 ipsorum
895 768 1117 836 diversissima
1138 770 1226 837 ratio
1247 771 1294 837 sit

182 868 413 941 iimdsianorum
434 870 606 939 birrorum:
636 872 731 959 quasi
757 872 895 961 denique
921 894 1033 945 sorum
1059 876 1148 943 ullus
1170 878 1223 943 rel
1244 876 1292 945 di·

182 976 298 1045 ffletius
318 976 502 1065 descriptus
525 978 576 1045 rel
598 978 785 1065 religiosius
807 980 854 1047 sit
874 981 1123 1069 pervestigator.
1167 982 1291 1061 Quodsi

181 1082 242 1151 brie
257 1086 337 1153 istm
357 1084 464 1152 libros
485 1106 562 1151 mss.
585 1106 668 1173 quos
690 1106 791 1171 supra
811 1088 1032 1155 recensuimus
1054 1088 1183 1157 circiter
1204 1092 1293 1157 octo-

181 1188 249 1277 sinn
268 1214 350 1261 unua
376 1196 412 1259 et
437 1192 518 1259 item
540 1192 625 1259 alter
647 1195 755 1259 exstet
775 1192 827 1259 vel
850 1194 1046 1281 antiquitate
1069 1195 1121 1263 rel
1143 1194 1292 1263 bonitate

179 1298 462 1387 suspensosque
479 1320 637 1385 superans
654 1297 857 1387 (quanquam
873 1300 937 1367 hoc
954 1300 1062 1386 ipsum
1080 1323 1147 1389 qua
1163 1292 1291 1368 ratione

90 1476 94 1501 ξ
180 1422 258 1485 qum
278 1406 348 1473 iure
375 1428 417 1473 ex
437 1404 525 1473 binis
547 1406 691 1473 ternisve
713 1406 765 1473 rel
787 1407 888 1473 etiam
910 1406 1012 1475 nullis
1035 1408 1217 1493 scripturae
1238 1428 1293 1474 cx-

178 1512 342 1601 mpbs'psr
352 1510 488 1583 CLXVI
510 1534 624 1581 rursm
646 1514 758 1581 allatis
781 1514 965 1603 colligasi),
987 1520 1097 1582 tamen
1119 1514 1198 1602 quid
1219 1520 1292 1581 tan·

176 1612 231 1685 den
246 1620 337 1689 celati
358 1624 498 1707 prosunt
517 1620 666 1689 thesauri
687 1621 757 1688 sire
779 1622 821 1688 ad
842 1622 951 1709 ipsum
969 1626 1102 1707 poetam
1120 1620 1292 1689 emendan-

172 1718 616 1795 'inflammatum
643 1726 1292 1815 ingeneraetclassesquasdamdis-

173 1832 354 1911 patiendos?
390 1834 484 1913 Quod
506 1855 581 1902 cum
597 1834 824 1901 firmissimum
846 1856 917 1901 esse
939 1834 1073 1901 criticae
1095 1834 1177 1901 artis
1197 1834 1292 1901 facti-

171 1936 266 2009 hndae
290 1940 537 2009 tundamentum
564 1942 683 2026 soleat,
713 1942 751 2009 iu
776 1942 868 2010 nulia
894 1932 1006 2010 brnen
1029 1964 1064 2009 re
1087 1941 1193 2029 magis
1216 1940 1292 2007 fluc-

167 2046 240 2115 tuare
264 2052 299 2115 et
322 2047 517 2117 hariolando
543 2049 659 2135 vagari
681 2048 826 2115 Terentii
853 2048 995 2117 editores
1021 2050 1143 2117 rideas.
1186 2046 1291 2115 Nobis

160 2152 262 2243 imber,
282 2178 348 2243 quo
368 2176 457 2223 nuno
478 2176 531 2223 res
552 2155 626 2223 loco
649 2159 715 2241 est,
738 2155 816 2241 quid
837 2156 963 2241 putatis
986 2156 1075 2223 aliud
1097 2154 1291 2239 faciendum,

105 2272 110 2287 '
152 2262 212 2329 nisi
240 2265 279 2329 at
302 2262 544 2349 praetermissis
574 2262 721 2349 priorum
748 2262 909 2330 editorum
935 2264 1039 2349 copiis
1071 2262 1224 2329 omnibus
1254 2262 1290 2327 in

150 2368 281 2456 mnis,
301 2368 343 2437 de
364 2368 485 2458 qmbus
508 2368 589 2437 solis
610 2368 705 2455 piene
727 2374 869 2454 montet,
897 2370 1136 2437 subsistamus?
1180 2368 1289 2455 Atque

144 2476 182 2545 in
204 2478 348 2545 mentem
367 2475 462 2544 seuit
482 2476 736 2565 boettigsranae
758 2476 1005 2561 disputationis,
1027 2499 1093 2562 qua
1114 2474 1196 2542 duas
1217 2496 1289 2549 esee

142 2584 291 2653 codicum
304 2582 575 2651 'l'crentianorum
592 2584 737 2651 familias
756 2604 931 2669 eorumque
949 2585 1060 2669 capita
1077 2587 1111 2649 et
1127 2582 1289 2663 ἀρχηγοῦ(

138 2690 337 2758 Bembiuum
364 2694 462 2777 atque
484 2690 613 2757 Bentiei
635 2690 940 2776 cantabrigiensem
968 2690 1188 2757 academicum
1215 2712 1289 2774 pro·

137 2798 305 2865 nuntiarit
330 2798 449 2884 Opuso.
483 2820 512 2882 p.
536 2799 610 2863 242.
656 2799 756 2863 Cuius
786 2798 949 2864 sententie
976 2820 1052 2882 pars
1081 2797 1185 2862 ultera
1212 2819 1289 2861 vcra

141 2912 205 2990 cst,
228 2906 313 2972 falsa
335 2906 449 2971 ultera.
486 2904 570 2981 Quid
594 2910 645 2970 est
667 2905 763 2989 enim,
787 2928 843 2970 cur
866 2906 916 2970 vel
941 2906 1025 2969 inter
1047 2904 1137 2988 ipsos
1160 2903 1288 2969 Bentle-

137 3016 236 3082 isnos
269 3013 351 3079 adeo
384 3011 524 3078 eminere
556 3034 638 3076 unus
671 3012 726 3076 ille
751 3012 962 3078 Academicus
995 3011 1165 3076 credetur?
1202 3010 1288 3096 quod

137 3120 238 3207 quale
270 3121 314 3186 sit
346 3140 514 3205 speramus
546 3118 615 3184 fore
648 3122 686 3183 ut
714 3117 868 3184 Vestrum
901 3119 1063 3204 quispiam
1096 3117 1288 3202 explicatius

139 3232 366 3313 persequatur.
411 3224 552 3290 Rursum
585 3229 693 3290 autem
726 3226 802 3311 quid
835 3229 897 3308 est,
929 3248 987 3291 eur
1018 3247 1058 3289 ne
1090 3225 1287 3308 reliquorum

138 3334 274 3422 quidem
305 3332 393 3399 ullus
425 3332 467 3397 ab
499 3332 573 3397 aliis
605 3336 833 3416 usurpatorum
867 3331 1016 3395 accedere
1049 3331 1089 3394 ad
1119 3329 1288 3395 Cantabri-

136 3439 264 3527 giensis
286 3438 377 3505 illiue
400 3437 635 3523 praestantiam
664 3438 752 3502 visus
781 3437 847 3500 sit?
894 3436 1041 3501 Breviter
1068 3436 1174 3501 dicem
1202 3435 1287 3519 quod

136 3570 192 3614 res
216 3550 276 3612 est
313 3545 388 3611 Duo
411 3548 487 3609 sunt
509 3566 588 3609 sane
611 3544 756 3610 codicum
781 3564 908 3629 genera,
931 3547 988 3608 aut
1010 3549 1086 3608 ente
1104 3542 1288 3623 Calliope·

135 3653 362 3721 recensionem
394 3652 590 3736 scriptorum
624 3655 680 3717 aut
714 3674 753 3715 ex
786 3673 825 3715 ea
857 3651 929 3733 ipsa
961 3649 1139 3715 ductorum.
1194 3648 1288 3713 Illius

133 3760 270 3849 generis
292 3759 392 3846 longe
415 3759 559 3824 omnium
583 3758 830 3844 antiquissimus
853 3758 1025 3823 Berrrbiuus
1048 3762 1110 3839 est,
1133 3756 1184 3823 cni
1207 3757 1286 3821 satis

136 3865 342 3935 confidenter
360 3866 583 3944 Videnturne,
605 3865 793 3930 dubitanter
805 3864 970 3951 iungimus
984 3863 1201 3929 Dccssrtatum:
1224 3864 1287 3928 huc

133 3973 304 4061 pertinent
335 3973 422 4040 cirea
453 3971 500 4037 IX
528 3972 690 4038 saeculum
719 3972 833 4058 scripti
862 3971 1078 4047 Basiliscum,
1111 3970 1287 4049 Vaticanus,

133 4082 384 4164 Ambrosianus,
424 4078 576 4164 Calliopii
613 4100 745 4164 operam
782 4080 855 4164 ipse
892 4077 1130 4161 subscriptione
1167 4078 1286 4142 testati.

135 4188 316 4255 Praeterea
347 4191 457 4253 autem
484 4208 523 4252 ex
551 4187 662 4251 eadem
691 4184 844 4271 Celliopii
872 4185 1060 4252 recensione
1087 4188 1242 4269 tanquam
1269 4208 1287 4248 e

134 4294 305 4363 communi
327 4294 419 4359 sonte
443 4294 549 4359 omnis
572 4294 806 4378 propemodum
825 4292 1022 4385 reliquorum
1042 4291 1187 4358 codicum
1207 4290 1287 4355 mul·

134 4402 247 4469 titudo
261 4400 445 4488 uulgarium
469 4400 643 4485 repetenda
666 4406 724 4483 est,
747 4422 883 4485 quorum
908 4422 972 4484 quo
995 4400 1102 4465 minor
1125 4402 1224 4480 aetas,
1248 4419 1286 4462 so
