<?xml version="1.0" encoding="UTF-8"?>
<!DOCTYPE html PUBLIC "-//W3C//DTD XHTML 1.0 Transitional//EN"
    "http://www.w3.org/TR/xhtml1/DTD/xhtml1-transitional.dtd">
<html xmlns="http://www.w3.org/1999/xhtml" xml:lang="en" lang="en">
 <head>
  <title>
</title>
<meta http-equiv="Content-Type" content="text/html;charset=utf-8" />
  <meta name='ocr-system' content='tesseract 3.04.00' />
  <meta name='ocr-capabilities' content='ocr_page ocr_carea ocr_par ocr_line ocrx_word'/>
</head>
<body>
  <div class='ocr_page' id='page_1' title='image "./fridericiritsch02ritsgoog_0211.png"; bbox 0 0 2932 5026; ppageno 0'>
   <div class='ocr_carea' id='block_1_1' title="bbox 143 109 920 177">
    <p class='ocr_par' dir='ltr' id='par_1_1' title="bbox 143 109 920 177">
     <span class='ocr_line' id='line_1_1' title="bbox 143 109 920 177; baseline 0 -3"><span class='ocrx_word' id='word_1_1' title='bbox 143 109 208 175; x_wconf 89' lang='grc'>180</span> <span class='ocrx_word' id='word_1_2' title='bbox 494 127 709 176; x_wconf 71' lang='lat' dir='ltr'>resonares</span> <span class='ocrx_word' id='word_1_3' title='bbox 732 126 920 177; x_wconf 76' lang='grc'><strong>10001100.</strong></span> 
     </span>
    </p>
   </div>
   <div class='ocr_carea' id='block_1_2' title="bbox 112 266 1291 896">
    <p class='ocr_par' dir='ltr' id='par_1_2' title="bbox 112 266 1291 896">
     <span class='ocr_line' id='line_1_2' title="bbox 138 266 1289 358; baseline -0.002 -22"><span class='ocrx_word' id='word_1_4' title='bbox 138 271 214 336; x_wconf 90' lang='grc'><strong>0010</strong></span> <span class='ocrx_word' id='word_1_5' title='bbox 229 269 289 357; x_wconf 94' lang='grc'><strong>111,</strong></span> <span class='ocrx_word' id='word_1_6' title='bbox 302 274 330 358; x_wconf 96' lang='grc'>1,</span> <span class='ocrx_word' id='word_1_7' title='bbox 348 274 388 339; x_wconf 86' lang='grc'>18</span> <span class='ocrx_word' id='word_1_8' title='bbox 404 271 456 336; x_wconf 75' lang='lat' dir='ltr'>‘ne</span> <span class='ocrx_word' id='word_1_9' title='bbox 471 276 527 339; x_wconf 92' lang='grc'>100</span> <span class='ocrx_word' id='word_1_10' title='bbox 542 295 603 338; x_wconf 90' lang='grc'>000</span> <span class='ocrx_word' id='word_1_11' title='bbox 618 272 721 338; x_wconf 92' lang='lat' dir='ltr'>amori</span> <span class='ocrx_word' id='word_1_12' title='bbox 736 294 847 338; x_wconf 90' lang='lat' dir='ltr'>seruos</span> <span class='ocrx_word' id='word_1_13' title='bbox 862 291 932 336; x_wconf 90' lang='lat' dir='ltr'>esse</span> <span class='ocrx_word' id='word_1_14' title='bbox 946 268 1093 335; x_wconf 89' lang='lat' dir='ltr'>addictos</span> <span class='ocrx_word' id='word_1_15' title='bbox 1108 266 1289 356; x_wconf 82' lang='lat' dir='ltr'>oenseaa’⁴)</span> 
     </span>
     <span class='ocr_line' id='line_1_3' title="bbox 138 373 1289 465; baseline 0.001 -23"><span class='ocrx_word' id='word_1_16' title='bbox 138 378 232 463; x_wconf 82' lang='lat' dir='ltr'>dixit,</span> <span class='ocrx_word' id='word_1_17' title='bbox 265 380 356 444; x_wconf 92' lang='lat' dir='ltr'>etin</span> <span class='ocrx_word' id='word_1_18' title='bbox 379 379 492 444; x_wconf 89' lang='lat' dir='ltr'>eadem</span> <span class='ocrx_word' id='word_1_19' title='bbox 514 378 573 463; x_wconf 93' lang='grc' dir='ltr'>ΠΙ,</span> <span class='ocrx_word' id='word_1_20' title='bbox 587 380 619 465; x_wconf 89' lang='grc'>4,</span> <span class='ocrx_word' id='word_1_21' title='bbox 635 380 676 445; x_wconf 90' lang='grc'>10</span> <span class='ocrx_word' id='word_1_22' title='bbox 690 377 748 465; x_wconf 87' lang='lat'>(=</span> <span class='ocrx_word' id='word_1_23' title='bbox 758 377 818 463; x_wconf 91' lang='grc'><strong>111,</strong></span> <span class='ocrx_word' id='word_1_24' title='bbox 832 378 863 462; x_wconf 87' lang='grc'>3,</span> <span class='ocrx_word' id='word_1_25' title='bbox 876 373 934 463; x_wconf 87' lang='grc'>94)</span> <span class='ocrx_word' id='word_1_26' title='bbox 958 375 1053 461; x_wconf 74' lang='lat' dir='ltr'>‘quin</span> <span class='ocrx_word' id='word_1_27' title='bbox 1075 399 1213 464; x_wconf 85' lang='lat' dir='ltr'>sequare</span> <span class='ocrx_word' id='word_1_28' title='bbox 1236 398 1289 443; x_wconf 86' lang='grc'>100</span> 
     </span>
     <span class='ocr_line' id='line_1_4' title="bbox 138 483 1291 570; baseline 0.001 -20"><span class='ocrx_word' id='word_1_29' title='bbox 138 506 216 570; x_wconf 79' lang='lat' dir='ltr'>ergo</span> <span class='ocrx_word' id='word_1_30' title='bbox 224 510 231 550; x_wconf 92' lang='lat'>:</span> <span class='ocrx_word' id='word_1_31' title='bbox 240 510 247 550; x_wconf 91' lang='lat'>:</span> <span class='ocrx_word' id='word_1_32' title='bbox 256 485 378 552; x_wconf 81' lang='lat' dir='ltr'>abduce</span> <span class='ocrx_word' id='word_1_33' title='bbox 392 486 478 553; x_wconf 69' lang='lat' dir='ltr'>intro</span> <span class='ocrx_word' id='word_1_34' title='bbox 486 511 494 552; x_wconf 79' lang='grc' dir='ltr'><strong><em>ε</em></strong></span> <span class='ocrx_word' id='word_1_35' title='bbox 503 485 665 552; x_wconf 88' lang='lat' dir='ltr'>addictum</span> <span class='ocrx_word' id='word_1_36' title='bbox 679 484 793 570; x_wconf 89' lang='lat' dir='ltr'>teues&#39;,</span> <span class='ocrx_word' id='word_1_37' title='bbox 802 486 880 551; x_wconf 90' lang='lat' dir='ltr'>item</span> <span class='ocrx_word' id='word_1_38' title='bbox 894 485 929 549; x_wconf 91' lang='lat' dir='ltr'>in</span> <span class='ocrx_word' id='word_1_39' title='bbox 940 483 1158 551; x_wconf 81' lang='lat' dir='ltr'><strong>Bacchidibus</strong></span> <span class='ocrx_word' id='word_1_40' title='bbox 1168 484 1291 552; x_wconf 70' lang='grc'><strong>01205</strong></span> 
     </span>
     <span class='ocr_line' id='line_1_5' title="bbox 112 590 1291 679; baseline 0.003 -23"><span class='ocrx_word' id='word_1_41' title='bbox 112 590 115 594; x_wconf 70' lang='grc'><strong>’</strong></span> <span class='ocrx_word' id='word_1_42' title='bbox 138 593 324 678; x_wconf 82' lang='lat' dir='ltr'>‘sequimini</span> <span class='ocrx_word' id='word_1_43' title='bbox 341 616 348 658; x_wconf 92' lang='lat'><strong>:</strong></span> <span class='ocrx_word' id='word_1_44' title='bbox 363 593 491 659; x_wconf 90' lang='lat' dir='ltr'>:ducite</span> <span class='ocrx_word' id='word_1_45' title='bbox 510 616 570 659; x_wconf 93' lang='lat' dir='ltr'>nos</span> <span class='ocrx_word' id='word_1_46' title='bbox 589 616 653 679; x_wconf 92' lang='lat' dir='ltr'>quo</span> <span class='ocrx_word' id='word_1_47' title='bbox 673 594 764 659; x_wconf 89' lang='lat' dir='ltr'>lubet</span> <span class='ocrx_word' id='word_1_48' title='bbox 781 597 949 678; x_wconf 89' lang='lat' dir='ltr'>tamquam</span> <span class='ocrx_word' id='word_1_49' title='bbox 963 591 1094 678; x_wconf 90' lang='lat' dir='ltr'>quidem</span> <span class='ocrx_word' id='word_1_50' title='bbox 1112 591 1291 659; x_wconf 86' lang='lat' dir='ltr'>addictos’:</span> 
     </span>
     <span class='ocr_line' id='line_1_6' title="bbox 137 700 1291 787; baseline -0.002 -20"><span class='ocrx_word' id='word_1_51' title='bbox 137 701 191 767; x_wconf 91' lang='lat' dir='ltr'>hic</span> <span class='ocrx_word' id='word_1_52' title='bbox 212 700 342 786; x_wconf 89' lang='lat' dir='ltr'>quidem</span> <span class='ocrx_word' id='word_1_53' title='bbox 362 701 430 767; x_wconf 89' lang='lat' dir='ltr'>eius</span> <span class='ocrx_word' id='word_1_54' title='bbox 448 703 538 767; x_wconf 86' lang='lat' dir='ltr'>vocis</span> <span class='ocrx_word' id='word_1_55' title='bbox 557 724 634 767; x_wconf 91' lang='lat' dir='ltr'>usus</span> <span class='ocrx_word' id='word_1_56' title='bbox 653 702 787 768; x_wconf 94' lang='lat' dir='ltr'>dubium</span> <span class='ocrx_word' id='word_1_57' title='bbox 803 724 870 767; x_wconf 93' lang='lat' dir='ltr'>non</span> <span class='ocrx_word' id='word_1_58' title='bbox 888 705 938 766; x_wconf 89' lang='grc'>001</span> <span class='ocrx_word' id='word_1_59' title='bbox 956 700 1035 787; x_wconf 91' lang='lat' dir='ltr'>quin</span> <span class='ocrx_word' id='word_1_60' title='bbox 1053 722 1071 766; x_wconf 90' lang='grc'>0</span> <span class='ocrx_word' id='word_1_61' title='bbox 1089 700 1200 786; x_wconf 88' lang='lat' dir='ltr'>prisco</span> <span class='ocrx_word' id='word_1_62' title='bbox 1218 700 1291 765; x_wconf 87' lang='lat' dir='ltr'>iure</span> 
     </span>
     <span class='ocr_line' id='line_1_7' title="bbox 140 806 1291 896; baseline 0 -24"><span class='ocrx_word' id='word_1_63' title='bbox 140 808 227 873; x_wconf 87' lang='lat' dir='ltr'>civili</span> <span class='ocrx_word' id='word_1_64' title='bbox 250 809 440 888; x_wconf 78' lang='lat' dir='ltr'>manaverit,</span> <span class='ocrx_word' id='word_1_65' title='bbox 462 809 548 895; x_wconf 89' lang='lat' dir='ltr'>quod</span> <span class='ocrx_word' id='word_1_66' title='bbox 571 810 712 896; x_wconf 89' lang='lat' dir='ltr'>repetita</span> <span class='ocrx_word' id='word_1_67' title='bbox 735 808 830 875; x_wconf 90' lang='lat' dir='ltr'>cXII</span> <span class='ocrx_word' id='word_1_68' title='bbox 844 808 966 874; x_wconf 91' lang='lat' dir='ltr'>tabulis</span> <span class='ocrx_word' id='word_1_69' title='bbox 989 809 1149 876; x_wconf 88' lang='lat' dir='ltr'>memoria</span> <span class='ocrx_word' id='word_1_70' title='bbox 1162 806 1291 873; x_wconf 80' lang='lat' dir='ltr'>Gallim</span> 
     </span>
    </p>
   </div>
   <div class='ocr_carea' id='block_1_3' title="bbox 139 914 1291 1108">
    <p class='ocr_par' dir='ltr' id='par_1_3' title="bbox 139 914 1291 1108">
     <span class='ocr_line' id='line_1_8' title="bbox 139 914 1291 1002; baseline -0.001 -23"><span class='ocrx_word' id='word_1_71' title='bbox 139 915 235 1000; x_wconf 91' lang='lat' dir='ltr'>quale</span> <span class='ocrx_word' id='word_1_72' title='bbox 257 914 357 981; x_wconf 77' lang='lat' dir='ltr'>fuerit</span> <span class='ocrx_word' id='word_1_73' title='bbox 379 916 525 982; x_wconf 82' lang='lat' dir='ltr'>declarat</span> <span class='ocrx_word' id='word_1_74' title='bbox 546 915 616 1002; x_wconf 86' lang='lat' dir='ltr'>XX,</span> <span class='ocrx_word' id='word_1_75' title='bbox 642 918 670 1001; x_wconf 93' lang='lat' dir='ltr'>l,</span> <span class='ocrx_word' id='word_1_76' title='bbox 691 916 736 981; x_wconf 92' lang='grc'>42</span> <span class='ocrx_word' id='word_1_77' title='bbox 751 937 819 1001; x_wconf 89' lang='lat' dir='ltr'><strong>sqq.</strong></span> <span class='ocrx_word' id='word_1_78' title='bbox 843 915 925 981; x_wconf 89' lang='lat' dir='ltr'>conl.</span> <span class='ocrx_word' id='word_1_79' title='bbox 948 914 1020 1001; x_wconf 87' lang='lat' dir='ltr'>XV,</span> <span class='ocrx_word' id='word_1_80' title='bbox 1046 916 1097 1000; x_wconf 84' lang='lat'>13,</span> <span class='ocrx_word' id='word_1_81' title='bbox 1122 915 1176 1000; x_wconf 94' lang='lat'>11,</span> <span class='ocrx_word' id='word_1_82' title='bbox 1199 936 1218 979; x_wconf 90' lang='grc'>0</span> <span class='ocrx_word' id='word_1_83' title='bbox 1241 935 1291 978; x_wconf 87' lang='lat' dir='ltr'>rs·</span> 
     </span>
     <span class='ocr_line' id='line_1_9' title="bbox 139 1022 1291 1108; baseline 0.003 -22"><span class='ocrx_word' id='word_1_84' title='bbox 139 1022 336 1088; x_wconf 79' lang='lat' dir='ltr'>cautioribus</span> <span class='ocrx_word' id='word_1_85' title='bbox 366 1027 474 1089; x_wconf 87' lang='lat' dir='ltr'>autem</span> <span class='ocrx_word' id='word_1_86' title='bbox 502 1023 581 1088; x_wconf 91' lang='lat' dir='ltr'>iuris</span> <span class='ocrx_word' id='word_1_87' title='bbox 604 1023 744 1089; x_wconf 88' lang='lat' dir='ltr'>Romani</span> <span class='ocrx_word' id='word_1_88' title='bbox 772 1023 1016 1090; x_wconf 87' lang='lat' dir='ltr'>enarratoribus</span> <span class='ocrx_word' id='word_1_89' title='bbox 1043 1026 1177 1108; x_wconf 89' lang='lat' dir='ltr'>praeter</span> <span class='ocrx_word' id='word_1_90' title='bbox 1205 1022 1291 1089; x_wconf 89' lang='lat' dir='ltr'>alios</span> 
     </span>
    </p>
   </div>
   <div class='ocr_carea' id='block_1_4' title="bbox 31 1125 1329 1215">
    <p class='ocr_par' dir='ltr' id='par_1_4' title="bbox 31 1125 1329 1215">
     <span class='ocr_line' id='line_1_10' title="bbox 31 1125 1329 1215; baseline 0.001 -21"><span class='ocrx_word' id='word_1_91' title='bbox 31 1125 33 1130; x_wconf 68' lang='grc'>’</span> <span class='ocrx_word' id='word_1_92' title='bbox 137 1130 267 1214; x_wconf 87' lang='lat' dir='ltr'>multos,</span> <span class='ocrx_word' id='word_1_93' title='bbox 291 1151 427 1214; x_wconf 90' lang='lat' dir='ltr'>quorum</span> <span class='ocrx_word' id='word_1_94' title='bbox 449 1131 585 1195; x_wconf 89' lang='lat' dir='ltr'>nomina</span> <span class='ocrx_word' id='word_1_95' title='bbox 598 1129 731 1195; x_wconf 89' lang='lat' dir='ltr'>Reinius</span> <span class='ocrx_word' id='word_1_96' title='bbox 756 1129 807 1194; x_wconf 76' lang='lat' dir='ltr'>‘de</span> <span class='ocrx_word' id='word_1_97' title='bbox 829 1130 898 1194; x_wconf 92' lang='lat' dir='ltr'>iura</span> <span class='ocrx_word' id='word_1_98' title='bbox 922 1130 1051 1215; x_wconf 82' lang='lat' dir='ltr'>privato</span> <span class='ocrx_word' id='word_1_99' title='bbox 1075 1133 1110 1194; x_wconf 90' lang='grc'>01</span> <span class='ocrx_word' id='word_1_100' title='bbox 1131 1150 1291 1214; x_wconf 87' lang='lat' dir='ltr'>processu</span> <span class='ocrx_word' id='word_1_101' title='bbox 1325 1172 1329 1178; x_wconf 93' lang='lat'>-</span> 
     </span>
    </p>
   </div>
   <div class='ocr_carea' id='block_1_5' title="bbox 137 1235 1328 1749">
    <p class='ocr_par' dir='ltr' id='par_1_5' title="bbox 137 1235 1328 1749">
     <span class='ocr_line' id='line_1_11' title="bbox 138 1235 1293 1322; baseline 0.003 -23"><span class='ocrx_word' id='word_1_102' title='bbox 138 1236 225 1300; x_wconf 85' lang='lat' dir='ltr'>cirili</span> <span class='ocrx_word' id='word_1_103' title='bbox 259 1236 498 1303; x_wconf 87' lang='lat' dir='ltr'>Romanorum&#39;</span> <span class='ocrx_word' id='word_1_104' title='bbox 532 1260 562 1321; x_wconf 89' lang='lat' dir='ltr'>p.</span> <span class='ocrx_word' id='word_1_105' title='bbox 585 1237 651 1302; x_wconf 82' lang='lat'>935</span> <span class='ocrx_word' id='word_1_106' title='bbox 665 1257 735 1322; x_wconf 87' lang='lat' dir='ltr'><strong>sqq.</strong></span> <span class='ocrx_word' id='word_1_107' title='bbox 767 1236 948 1322; x_wconf 80' lang='lat' dir='ltr'>congessit,</span> <span class='ocrx_word' id='word_1_108' title='bbox 983 1235 1112 1302; x_wconf 90' lang='lat' dir='ltr'>uberius</span> <span class='ocrx_word' id='word_1_109' title='bbox 1145 1236 1293 1321; x_wconf 83' lang='lat' dir='ltr'>explieat</span> 
     </span>
     <span class='ocr_line' id='line_1_12' title="bbox 138 1340 1290 1430; baseline 0 -22"><span class='ocrx_word' id='word_1_110' title='bbox 138 1343 264 1408; x_wconf 90' lang='lat' dir='ltr'>Puchta</span> <span class='ocrx_word' id='word_1_111' title='bbox 287 1343 535 1411; x_wconf 87' lang='lat' dir='ltr'>Institutionum</span> <span class='ocrx_word' id='word_1_112' title='bbox 564 1348 584 1427; x_wconf 66' lang='grc' dir='ltr'><strong>ἓ</strong></span> <span class='ocrx_word' id='word_1_113' title='bbox 610 1345 672 1410; x_wconf 83' lang='grc'>119</span> <span class='ocrx_word' id='word_1_114' title='bbox 701 1340 738 1430; x_wconf 86' lang='grc'>(1</span> <span class='ocrx_word' id='word_1_115' title='bbox 761 1343 795 1410; x_wconf 92' lang='lat' dir='ltr'>II</span> <span class='ocrx_word' id='word_1_116' title='bbox 820 1367 852 1428; x_wconf 91' lang='lat' dir='ltr'>p.</span> <span class='ocrx_word' id='word_1_117' title='bbox 875 1345 940 1410; x_wconf 91' lang='grc'>252</span> <span class='ocrx_word' id='word_1_118' title='bbox 956 1366 1024 1430; x_wconf 88' lang='lat' dir='ltr'>sqq.</span> <span class='ocrx_word' id='word_1_119' title='bbox 1052 1343 1101 1408; x_wconf 81' lang='lat' dir='ltr'>ed.</span> <span class='ocrx_word' id='word_1_120' title='bbox 1129 1340 1290 1429; x_wconf 61' lang='lat' dir='ltr'>quintae)</span> 
     </span>
     <span class='ocr_line' id='line_1_13' title="bbox 138 1449 1289 1537; baseline 0.002 -23"><span class='ocrx_word' id='word_1_121' title='bbox 138 1449 193 1514; x_wconf 86' lang='lat' dir='ltr'>Ad</span> <span class='ocrx_word' id='word_1_122' title='bbox 215 1450 298 1515; x_wconf 92' lang='lat' dir='ltr'>hanc</span> <span class='ocrx_word' id='word_1_123' title='bbox 322 1450 424 1537; x_wconf 85' lang='lat' dir='ltr'>igitur</span> <span class='ocrx_word' id='word_1_124' title='bbox 445 1451 719 1537; x_wconf 81' lang='lat' dir='ltr'>legem-fabulae·</span> <span class='ocrx_word' id='word_1_125' title='bbox 728 1451 977 1535; x_wconf 88' lang='lat' dir='ltr'>inscriptionem</span> <span class='ocrx_word' id='word_1_126' title='bbox 999 1449 1142 1515; x_wconf 85' lang='lat' dir='ltr'>referens</span> <span class='ocrx_word' id='word_1_127' title='bbox 1158 1449 1289 1517; x_wconf 89' lang='lat' dir='ltr'>Foroel·</span> 
     </span>
     <span class='ocr_line' id='line_1_14' title="bbox 137 1555 1328 1643; baseline 0.002 -22"><span class='ocrx_word' id='word_1_128' title='bbox 137 1557 235 1622; x_wconf 90' lang='lat' dir='ltr'>liuius</span> <span class='ocrx_word' id='word_1_129' title='bbox 263 1556 404 1643; x_wconf 86' lang='lat' dir='ltr'>aliquem</span> <span class='ocrx_word' id='word_1_130' title='bbox 438 1558 472 1622; x_wconf 92' lang='lat' dir='ltr'>in</span> <span class='ocrx_word' id='word_1_131' title='bbox 501 1558 561 1624; x_wconf 89' lang='lat' dir='ltr'>illa</span> <span class='ocrx_word' id='word_1_132' title='bbox 590 1557 648 1624; x_wconf 74' lang='lat' dir='ltr'>‘ob</span> <span class='ocrx_word' id='word_1_133' title='bbox 679 1580 733 1624; x_wconf 89' lang='grc'>000</span> <span class='ocrx_word' id='word_1_134' title='bbox 763 1557 905 1623; x_wconf 89' lang='lat' dir='ltr'>alienum</span> <span class='ocrx_word' id='word_1_135' title='bbox 929 1557 1080 1623; x_wconf 85' lang='lat' dir='ltr'>creditori</span> <span class='ocrx_word' id='word_1_136' title='bbox 1104 1555 1288 1623; x_wconf 88' lang='lat' dir='ltr'>addictum&#39;</span> <span class='ocrx_word' id='word_1_137' title='bbox 1322 1556 1328 1569; x_wconf 89' lang='lat'>&#39;</span> 
     </span>
     <span class='ocr_line' id='line_1_15' title="bbox 138 1663 1288 1749; baseline 0.003 -20"><span class='ocrx_word' id='word_1_138' title='bbox 138 1687 158 1729; x_wconf 89' lang='lat' dir='ltr'>a</span> <span class='ocrx_word' id='word_1_139' title='bbox 180 1669 278 1749; x_wconf 89' lang='lat' dir='ltr'>pocta</span> <span class='ocrx_word' id='word_1_140' title='bbox 301 1686 371 1730; x_wconf 90' lang='lat' dir='ltr'>essa</span> <span class='ocrx_word' id='word_1_141' title='bbox 395 1664 561 1730; x_wconf 89' lang='lat' dir='ltr'>inductum</span> <span class='ocrx_word' id='word_1_142' title='bbox 585 1665 773 1731; x_wconf 90' lang='lat' dir='ltr'>coniciebat.</span> <span class='ocrx_word' id='word_1_143' title='bbox 810 1663 968 1731; x_wconf 86' lang='lat' dir='ltr'>Potuerat</span> <span class='ocrx_word' id='word_1_144' title='bbox 986 1664 1086 1730; x_wconf 89' lang='lat' dir='ltr'>etiam</span> <span class='ocrx_word' id='word_1_145' title='bbox 1105 1664 1145 1730; x_wconf 90' lang='lat' dir='ltr'>de</span> <span class='ocrx_word' id='word_1_146' title='bbox 1170 1686 1209 1731; x_wconf 88' lang='grc'>00</span> <span class='ocrx_word' id='word_1_147' title='bbox 1232 1664 1288 1732; x_wconf 87' lang='lat' dir='ltr'>ad·</span> 
     </span>
    </p>
   </div>
   <div class='ocr_carea' id='block_1_6' title="bbox 138 1769 1287 1966">
    <p class='ocr_par' dir='ltr' id='par_1_6' title="bbox 138 1769 1287 1966">
     <span class='ocr_line' id='line_1_16' title="bbox 138 1769 1287 1858; baseline 0.003 -23"><span class='ocrx_word' id='word_1_148' title='bbox 138 1769 279 1837; x_wconf 90' lang='lat' dir='ltr'>dictione</span> <span class='ocrx_word' id='word_1_149' title='bbox 307 1773 464 1858; x_wconf 81' lang='lat' dir='ltr'>cogitare,</span> <span class='ocrx_word' id='word_1_150' title='bbox 487 1794 570 1858; x_wconf 91' lang='lat' dir='ltr'>quae</span> <span class='ocrx_word' id='word_1_151' title='bbox 593 1794 659 1837; x_wconf 91' lang='lat' dir='ltr'>non</span> <span class='ocrx_word' id='word_1_152' title='bbox 682 1771 737 1838; x_wconf 74' lang='lat' dir='ltr'>‘cx</span> <span class='ocrx_word' id='word_1_153' title='bbox 762 1772 845 1837; x_wconf 88' lang='lat' dir='ltr'>aeris</span> <span class='ocrx_word' id='word_1_154' title='bbox 870 1794 907 1837; x_wconf 95' lang='grc'>00</span> <span class='ocrx_word' id='word_1_155' title='bbox 930 1772 1031 1838; x_wconf 89' lang='lat' dir='ltr'>debiti</span> <span class='ocrx_word' id='word_1_156' title='bbox 1055 1772 1287 1856; x_wconf 87' lang='lat' dir='ltr'>confessione&#39;,</span> 
     </span>
     <span class='ocr_line' id='line_1_17' title="bbox 138 1877 1287 1966; baseline 0.003 -24"><span class='ocrx_word' id='word_1_157' title='bbox 138 1879 194 1943; x_wconf 88' lang='lat' dir='ltr'>sed</span> <span class='ocrx_word' id='word_1_158' title='bbox 222 1901 239 1943; x_wconf 98' lang='lat' dir='ltr'>e</span> <span class='ocrx_word' id='word_1_159' title='bbox 263 1877 366 1944; x_wconf 77' lang='lat' dir='ltr'>‘furto</span> <span class='ocrx_word' id='word_1_160' title='bbox 395 1877 584 1944; x_wconf 84' lang='lat' dir='ltr'>manifesto&#39;</span> <span class='ocrx_word' id='word_1_161' title='bbox 613 1901 811 1966; x_wconf 82' lang='lat' dir='ltr'>consequens</span> <span class='ocrx_word' id='word_1_162' title='bbox 840 1883 911 1944; x_wconf 89' lang='lat' dir='ltr'>erat</span> <span class='ocrx_word' id='word_1_163' title='bbox 937 1879 1076 1944; x_wconf 87' lang='lat' dir='ltr'>testibus</span> <span class='ocrx_word' id='word_1_164' title='bbox 1100 1877 1207 1946; x_wconf 87' lang='lat' dir='ltr'>Gellio</span> <span class='ocrx_word' id='word_1_165' title='bbox 1231 1879 1287 1965; x_wconf 90' lang='lat' dir='ltr'>XJ,</span> 
     </span>
    </p>
   </div>
   <div class='ocr_carea' id='block_1_7' title="bbox 4 1984 1285 2072">
    <p class='ocr_par' dir='ltr' id='par_1_7' title="bbox 4 1984 1285 2072">
     <span class='ocr_line' id='line_1_18' title="bbox 4 1984 1285 2072; baseline 0.009 -29"><span class='ocrx_word' id='word_1_166' title='bbox 4 2035 11 2043; x_wconf 85' lang='lat'>.</span> <span class='ocrx_word' id='word_1_167' title='bbox 143 1987 191 2068; x_wconf 88' lang='grc'><strong>18,</strong></span> <span class='ocrx_word' id='word_1_168' title='bbox 215 1988 235 2051; x_wconf 89' lang='grc'>8</span> <span class='ocrx_word' id='word_1_169' title='bbox 260 1986 405 2070; x_wconf 85' lang='lat' dir='ltr'>Gaioque</span> <span class='ocrx_word' id='word_1_170' title='bbox 431 1985 537 2051; x_wconf 91' lang='lat' dir='ltr'>Instit.</span> <span class='ocrx_word' id='word_1_171' title='bbox 559 1984 623 2070; x_wconf 91' lang='grc'><strong>111,</strong></span> <span class='ocrx_word' id='word_1_172' title='bbox 648 1987 727 2072; x_wconf 88' lang='grc'><strong>180,</strong></span> <span class='ocrx_word' id='word_1_173' title='bbox 758 1986 991 2071; x_wconf 86' lang='lat' dir='ltr'>interpretibus</span> <span class='ocrx_word' id='word_1_174' title='bbox 1019 2007 1093 2051; x_wconf 89' lang='lat' dir='ltr'>oum</span> <span class='ocrx_word' id='word_1_175' title='bbox 1116 1986 1194 2054; x_wconf 90' lang='lat' dir='ltr'>aliis</span> <span class='ocrx_word' id='word_1_176' title='bbox 1216 1993 1285 2053; x_wconf 89' lang='lat' dir='ltr'>tum</span> 
     </span>
    </p>
   </div>
   <div class='ocr_carea' id='block_1_8' title="bbox 140 2091 1285 2182">
    <p class='ocr_par' dir='ltr' id='par_1_8' title="bbox 140 2091 1285 2182">
     <span class='ocr_line' id='line_1_19' title="bbox 140 2091 1285 2182; baseline 0.007 -28"><span class='ocrx_word' id='word_1_177' title='bbox 140 2091 254 2158; x_wconf 84' lang='lat' dir='ltr'>lteinio</span> <span class='ocrx_word' id='word_1_178' title='bbox 275 2094 351 2158; x_wconf 91' lang='lat' dir='ltr'>libri</span> <span class='ocrx_word' id='word_1_179' title='bbox 370 2117 395 2161; x_wconf 94' lang='lat' dir='ltr'>s.</span> <span class='ocrx_word' id='word_1_180' title='bbox 410 2118 435 2159; x_wconf 91' lang='lat' dir='ltr'>s.</span> <span class='ocrx_word' id='word_1_181' title='bbox 448 2117 479 2179; x_wconf 92' lang='lat' dir='ltr'>p.</span> <span class='ocrx_word' id='word_1_182' title='bbox 494 2094 559 2159; x_wconf 91' lang='grc'>555</span> <span class='ocrx_word' id='word_1_183' title='bbox 578 2097 616 2158; x_wconf 90' lang='grc'>01</span> <span class='ocrx_word' id='word_1_184' title='bbox 626 2093 681 2158; x_wconf 76' lang='lat' dir='ltr'>‘de</span> <span class='ocrx_word' id='word_1_185' title='bbox 700 2095 769 2160; x_wconf 90' lang='lat' dir='ltr'>iure</span> <span class='ocrx_word' id='word_1_186' title='bbox 790 2093 950 2159; x_wconf 84' lang='lat' dir='ltr'>crimina-li</span> <span class='ocrx_word' id='word_1_187' title='bbox 964 2091 1069 2159; x_wconf 87' lang='lat' dir='ltr'>Rom&#39;</span> <span class='ocrx_word' id='word_1_188' title='bbox 1083 2116 1114 2179; x_wconf 93' lang='lat' dir='ltr'>p.</span> <span class='ocrx_word' id='word_1_189' title='bbox 1124 2095 1192 2161; x_wconf 85' lang='grc'>296</span> <span class='ocrx_word' id='word_1_190' title='bbox 1202 2118 1285 2182; x_wconf 82' lang='lat' dir='ltr'>sqq:</span> 
     </span>
    </p>
   </div>
   <div class='ocr_carea' id='block_1_9' title="bbox 27 2200 1286 2287">
    <p class='ocr_par' dir='ltr' id='par_1_9' title="bbox 27 2200 1286 2287">
     <span class='ocr_line' id='line_1_20' title="bbox 27 2200 1286 2287; baseline 0.008 -26"><span class='ocrx_word' id='word_1_191' title='bbox 27 2203 33 2211; x_wconf 80' lang='grc'><strong>“</strong></span> <span class='ocrx_word' id='word_1_192' title='bbox 139 2221 202 2283; x_wconf 92' lang='lat' dir='ltr'>quo</span> <span class='ocrx_word' id='word_1_193' title='bbox 226 2200 395 2268; x_wconf 87' lang='lat' dir='ltr'>Plautinus</span> <span class='ocrx_word' id='word_1_194' title='bbox 423 2223 534 2268; x_wconf 87' lang='lat' dir='ltr'>versus</span> <span class='ocrx_word' id='word_1_195' title='bbox 562 2202 705 2286; x_wconf 86' lang='lat' dir='ltr'>pertinet</span> <span class='ocrx_word' id='word_1_196' title='bbox 727 2201 862 2267; x_wconf 89' lang='lat' dir='ltr'>Poenuli</span> <span class='ocrx_word' id='word_1_197' title='bbox 885 2200 942 2287; x_wconf 86' lang='lat' dir='ltr'>IV,</span> <span class='ocrx_word' id='word_1_198' title='bbox 965 2202 1001 2286; x_wconf 92' lang='grc'>2,</span> <span class='ocrx_word' id='word_1_199' title='bbox 1026 2202 1065 2265; x_wconf 91' lang='grc'>11</span> <span class='ocrx_word' id='word_1_200' title='bbox 1102 2201 1224 2270; x_wconf 78' lang='lat' dir='ltr'>‘furam</span> <span class='ocrx_word' id='word_1_201' title='bbox 1248 2225 1286 2270; x_wconf 86' lang='grc'>00</span> 
     </span>
    </p>
   </div>
   <div class='ocr_carea' id='block_1_10' title="bbox 137 2306 1288 3784">
    <p class='ocr_par' dir='ltr' id='par_1_10' title="bbox 137 2306 1288 3784">
     <span class='ocr_line' id='line_1_21' title="bbox 138 2306 1286 2396; baseline 0.005 -26"><span class='ocrx_word' id='word_1_202' title='bbox 138 2306 311 2392; x_wconf 83' lang='lat' dir='ltr'>fugitiuom</span> <span class='ocrx_word' id='word_1_203' title='bbox 339 2310 477 2396; x_wconf 91' lang='grc'><strong>1000010,</strong></span> <span class='ocrx_word' id='word_1_204' title='bbox 505 2311 726 2395; x_wconf 82' lang='grc'><strong>0010010100,</strong></span> <span class='ocrx_word' id='word_1_205' title='bbox 748 2310 907 2394; x_wconf 89' lang='lat' dir='ltr'>uinctum,</span> <span class='ocrx_word' id='word_1_206' title='bbox 931 2308 1113 2375; x_wconf 90' lang='lat' dir='ltr'>addietum&#39;</span> <span class='ocrx_word' id='word_1_207' title='bbox 1136 2310 1286 2377; x_wconf 89' lang='grc'><strong>00010100</strong></span> 
     </span>
     <span class='ocr_line' id='line_1_22' title="bbox 139 2414 1287 2501; baseline 0.004 -22"><span class='ocrx_word' id='word_1_208' title='bbox 139 2437 211 2480; x_wconf 88' lang='lat' dir='ltr'>oum</span> <span class='ocrx_word' id='word_1_209' title='bbox 235 2414 297 2500; x_wconf 88' lang='lat' dir='ltr'>Ill,</span> <span class='ocrx_word' id='word_1_210' title='bbox 323 2417 355 2500; x_wconf 91' lang='grc'>1,</span> <span class='ocrx_word' id='word_1_211' title='bbox 379 2417 419 2481; x_wconf 87' lang='grc'>61</span> <span class='ocrx_word' id='word_1_212' title='bbox 450 2415 499 2481; x_wconf 75' lang='lat' dir='ltr'>‘id</span> <span class='ocrx_word' id='word_1_213' title='bbox 528 2415 708 2501; x_wconf 88' lang='lat' dir='ltr'>duplicabit</span> <span class='ocrx_word' id='word_1_214' title='bbox 731 2438 825 2482; x_wconf 88' lang='lat' dir='ltr'>omne</span> <span class='ocrx_word' id='word_1_215' title='bbox 849 2416 986 2482; x_wconf 88' lang='lat' dir='ltr'>furtum:</span> <span class='ocrx_word' id='word_1_216' title='bbox 1019 2418 1095 2484; x_wconf 88' lang='lat' dir='ltr'>leno</span> <span class='ocrx_word' id='word_1_217' title='bbox 1118 2418 1287 2484; x_wconf 82' lang='lat' dir='ltr'>addicetur</span> 
     </span>
     <span class='ocr_line' id='line_1_23' title="bbox 137 2520 1286 2611; baseline 0.005 -26"><span class='ocrx_word' id='word_1_218' title='bbox 137 2520 224 2586; x_wconf 85' lang='lat' dir='ltr'>tibi&#39;.</span> <span class='ocrx_word' id='word_1_219' title='bbox 262 2520 323 2588; x_wconf 84' lang='lat' dir='ltr'>Sed</span> <span class='ocrx_word' id='word_1_220' title='bbox 346 2522 426 2588; x_wconf 86' lang='lat' dir='ltr'>haee</span> <span class='ocrx_word' id='word_1_221' title='bbox 450 2546 527 2588; x_wconf 88' lang='lat' dir='ltr'>sane</span> <span class='ocrx_word' id='word_1_222' title='bbox 551 2524 630 2588; x_wconf 90' lang='lat' dir='ltr'>furti</span> <span class='ocrx_word' id='word_1_223' title='bbox 653 2546 759 2607; x_wconf 90' lang='lat' dir='ltr'>poena</span> <span class='ocrx_word' id='word_1_224' title='bbox 780 2525 815 2589; x_wconf 93' lang='lat' dir='ltr'>in</span> <span class='ocrx_word' id='word_1_225' title='bbox 839 2523 995 2590; x_wconf 87' lang='lat' dir='ltr'>Graeciae</span> <span class='ocrx_word' id='word_1_226' title='bbox 1019 2525 1149 2611; x_wconf 88' lang='lat' dir='ltr'>quidem</span> <span class='ocrx_word' id='word_1_227' title='bbox 1173 2527 1286 2591; x_wconf 84' lang='lat' dir='ltr'>eivita-</span> 
     </span>
     <span class='ocr_line' id='line_1_24' title="bbox 138 2628 1288 2716; baseline 0.003 -24"><span class='ocrx_word' id='word_1_228' title='bbox 138 2628 240 2712; x_wconf 87' lang='lat' dir='ltr'>tibus,</span> <span class='ocrx_word' id='word_1_229' title='bbox 273 2630 359 2713; x_wconf 91' lang='lat' dir='ltr'>quod</span> <span class='ocrx_word' id='word_1_230' title='bbox 383 2631 538 2716; x_wconf 87' lang='lat' dir='ltr'>sciamus,</span> <span class='ocrx_word' id='word_1_231' title='bbox 570 2631 620 2696; x_wconf 88' lang='lat' dir='ltr'>sui</span> <span class='ocrx_word' id='word_1_232' title='bbox 649 2631 752 2696; x_wconf 91' lang='lat' dir='ltr'>simile</span> <span class='ocrx_word' id='word_1_233' title='bbox 780 2631 967 2696; x_wconf 88' lang='lat' dir='ltr'>institutum</span> <span class='ocrx_word' id='word_1_234' title='bbox 994 2654 1061 2698; x_wconf 89' lang='lat' dir='ltr'>non</span> <span class='ocrx_word' id='word_1_235' title='bbox 1087 2631 1218 2697; x_wconf 89' lang='lat' dir='ltr'>habuit:</span> <span class='ocrx_word' id='word_1_236' title='bbox 1250 2636 1288 2697; x_wconf 91' lang='lat' dir='ltr'>ut</span> 
     </span>
     <span class='ocr_line' id='line_1_25' title="bbox 138 2720 1285 2824; baseline 0.006 -27"><span class='ocrx_word' id='word_1_237' title='bbox 138 2734 213 2798; x_wconf 90' lang='lat' dir='ltr'>hinc</span> <span class='ocrx_word' id='word_1_238' title='bbox 237 2735 463 2820; x_wconf 88' lang='lat' dir='ltr'>depromptum</span> <span class='ocrx_word' id='word_1_239' title='bbox 491 2759 611 2802; x_wconf 85' lang='lat' dir='ltr'>nomen</span> <span class='ocrx_word' id='word_1_240' title='bbox 638 2738 692 2803; x_wconf 80' lang='lat' dir='ltr'>vix</span> <span class='ocrx_word' id='word_1_241' title='bbox 715 2720 860 2822; x_wconf 78' lang='lat' dir='ltr'>potuerit</span> <span class='ocrx_word' id='word_1_242' title='bbox 887 2738 921 2803; x_wconf 89' lang='grc'>10</span> <span class='ocrx_word' id='word_1_243' title='bbox 944 2738 1090 2804; x_wconf 84' lang='lat' dir='ltr'>fabulam</span> <span class='ocrx_word' id='word_1_244' title='bbox 1113 2739 1285 2824; x_wconf 86' lang='lat' dir='ltr'>palliatam</span> 
     </span>
     <span class='ocr_line' id='line_1_26' title="bbox 139 2838 1286 2930; baseline 0.006 -26"><span class='ocrx_word' id='word_1_245' title='bbox 139 2841 260 2906; x_wconf 90' lang='lat' dir='ltr'>cadere.</span> <span class='ocrx_word' id='word_1_246' title='bbox 293 2838 416 2906; x_wconf 79' lang='lat' dir='ltr'>Contra</span> <span class='ocrx_word' id='word_1_247' title='bbox 435 2843 607 2927; x_wconf 83' lang='lat' dir='ltr'>debitores,</span> <span class='ocrx_word' id='word_1_248' title='bbox 626 2844 681 2926; x_wconf 92' lang='lat' dir='ltr'>qui</span> <span class='ocrx_word' id='word_1_249' title='bbox 701 2844 767 2909; x_wconf 89' lang='lat' dir='ltr'>aeri</span> <span class='ocrx_word' id='word_1_250' title='bbox 788 2845 942 2911; x_wconf 82' lang='lat' dir='ltr'>solvendo</span> <span class='ocrx_word' id='word_1_251' title='bbox 960 2868 1028 2912; x_wconf 88' lang='lat' dir='ltr'>non</span> <span class='ocrx_word' id='word_1_252' title='bbox 1046 2851 1165 2930; x_wconf 88' lang='grc'><strong>000001,</strong></span> <span class='ocrx_word' id='word_1_253' title='bbox 1184 2846 1286 2911; x_wconf 89' lang='lat' dir='ltr'>ctiam</span> 
     </span>
     <span class='ocr_line' id='line_1_27' title="bbox 138 2947 1286 3033; baseline 0.006 -21"><span class='ocrx_word' id='word_1_254' title='bbox 138 2952 215 3032; x_wconf 89' lang='lat' dir='ltr'>post</span> <span class='ocrx_word' id='word_1_255' title='bbox 243 2947 372 3014; x_wconf 86' lang='lat' dir='ltr'>Solonis</span> <span class='ocrx_word' id='word_1_256' title='bbox 400 2951 540 3014; x_wconf 89' lang='lat' dir='ltr'>aetatem</span> <span class='ocrx_word' id='word_1_257' title='bbox 569 2947 654 3033; x_wconf 91' lang='lat' dir='ltr'>apud</span> <span class='ocrx_word' id='word_1_258' title='bbox 682 2948 824 3017; x_wconf 84' lang='lat' dir='ltr'>Graecos</span> <span class='ocrx_word' id='word_1_259' title='bbox 852 2951 886 3017; x_wconf 90' lang='lat' dir='ltr'>in</span> <span class='ocrx_word' id='word_1_260' title='bbox 914 2953 1105 3018; x_wconf 85' lang='lat' dir='ltr'>servitutum</span> <span class='ocrx_word' id='word_1_261' title='bbox 1134 2952 1286 3019; x_wconf 86' lang='lat' dir='ltr'>addictos</span> 
     </span>
     <span class='ocr_line' id='line_1_28' title="bbox 139 3055 1286 3146; baseline 0.006 -27"><span class='ocrx_word' id='word_1_262' title='bbox 139 3077 208 3119; x_wconf 88' lang='lat' dir='ltr'>esse</span> <span class='ocrx_word' id='word_1_263' title='bbox 233 3059 284 3120; x_wconf 90' lang='lat' dir='ltr'>sat</span> <span class='ocrx_word' id='word_1_264' title='bbox 307 3056 403 3121; x_wconf 86' lang='lat' dir='ltr'>certis</span> <span class='ocrx_word' id='word_1_265' title='bbox 427 3055 582 3141; x_wconf 80' lang='lat' dir='ltr'>exemplis</span> <span class='ocrx_word' id='word_1_266' title='bbox 606 3057 764 3141; x_wconf 91' lang='lat' dir='ltr'>probatur</span> <span class='ocrx_word' id='word_1_267' title='bbox 787 3080 807 3122; x_wconf 90' lang='lat' dir='ltr'>a</span> <span class='ocrx_word' id='word_1_268' title='bbox 828 3080 933 3125; x_wconf 82' lang='lat' dir='ltr'>novae</span> <span class='ocrx_word' id='word_1_269' title='bbox 956 3059 1140 3125; x_wconf 88' lang='lat' dir='ltr'>comoediae</span> <span class='ocrx_word' id='word_1_270' title='bbox 1160 3064 1286 3146; x_wconf 74' lang='lat' dir='ltr'>tempo</span> 
     </span>
     <span class='ocr_line' id='line_1_29' title="bbox 138 3162 1286 3251; baseline 0.006 -25"><span class='ocrx_word' id='word_1_271' title='bbox 138 3162 227 3227; x_wconf 91' lang='lat' dir='ltr'>ribus</span> <span class='ocrx_word' id='word_1_272' title='bbox 242 3183 308 3228; x_wconf 93' lang='lat' dir='ltr'>non</span> <span class='ocrx_word' id='word_1_273' title='bbox 322 3163 423 3228; x_wconf 91' lang='lat' dir='ltr'>nimio</span> <span class='ocrx_word' id='word_1_274' title='bbox 438 3163 611 3229; x_wconf 81' lang='lat' dir='ltr'>intervallo</span> <span class='ocrx_word' id='word_1_275' title='bbox 626 3163 833 3250; x_wconf 83' lang='lat' dir='ltr'>distantibus,</span> <span class='ocrx_word' id='word_1_276' title='bbox 852 3188 934 3251; x_wconf 89' lang='lat' dir='ltr'>quae</span> <span class='ocrx_word' id='word_1_277' title='bbox 948 3165 1050 3232; x_wconf 89' lang='lat' dir='ltr'>habes</span> <span class='ocrx_word' id='word_1_278' title='bbox 1063 3167 1099 3232; x_wconf 91' lang='lat' dir='ltr'>in</span> <span class='ocrx_word' id='word_1_279' title='bbox 1112 3165 1147 3233; x_wconf 82' lang='grc' dir='ltr'>Ο.</span> <span class='ocrx_word' id='word_1_280' title='bbox 1156 3165 1192 3233; x_wconf 77' lang='lat' dir='ltr'>F.</span> <span class='ocrx_word' id='word_1_281' title='bbox 1202 3166 1286 3234; x_wconf 86' lang='lat' dir='ltr'>Her-</span> 
     </span>
     <span class='ocr_line' id='line_1_30' title="bbox 138 3268 1287 3358; baseline 0.008 -25"><span class='ocrx_word' id='word_1_282' title='bbox 138 3269 247 3334; x_wconf 89' lang='lat' dir='ltr'>manni</span> <span class='ocrx_word' id='word_1_283' title='bbox 272 3269 532 3354; x_wconf 82' lang='lat' dir='ltr'>Antiquitatibus</span> <span class='ocrx_word' id='word_1_284' title='bbox 556 3268 610 3335; x_wconf 86' lang='lat' dir='ltr'>Gr.</span> <span class='ocrx_word' id='word_1_285' title='bbox 633 3271 771 3356; x_wconf 86' lang='lat' dir='ltr'>privatis</span> <span class='ocrx_word' id='word_1_286' title='bbox 795 3275 815 3352; x_wconf 65' lang='grc' dir='ltr'>ξ</span> <span class='ocrx_word' id='word_1_287' title='bbox 840 3272 882 3337; x_wconf 83' lang='grc'>51</span> <span class='ocrx_word' id='word_1_288' title='bbox 907 3296 937 3358; x_wconf 92' lang='lat' dir='ltr'>p.</span> <span class='ocrx_word' id='word_1_289' title='bbox 957 3274 1022 3339; x_wconf 86' lang='grc'>466</span> <span class='ocrx_word' id='word_1_290' title='bbox 1046 3274 1119 3340; x_wconf 89' lang='lat' dir='ltr'>adn.</span> <span class='ocrx_word' id='word_1_291' title='bbox 1133 3275 1178 3340; x_wconf 82' lang='lat'>20</span> <span class='ocrx_word' id='word_1_292' title='bbox 1201 3275 1287 3342; x_wconf 89' lang='lat' dir='ltr'>conl.</span> 
     </span>
     <span class='ocr_line' id='line_1_31' title="bbox 137 3376 1286 3465; baseline 0.008 -26"><span class='ocrx_word' id='word_1_293' title='bbox 137 3399 168 3461; x_wconf 92' lang='lat' dir='ltr'>p.</span> <span class='ocrx_word' id='word_1_294' title='bbox 187 3378 253 3441; x_wconf 81' lang='grc'>404</span> <span class='ocrx_word' id='word_1_295' title='bbox 277 3376 324 3440; x_wconf 93' lang='lat' dir='ltr'>ed.</span> <span class='ocrx_word' id='word_1_296' title='bbox 348 3376 550 3443; x_wconf 85' lang='lat' dir='ltr'>Starkianae.</span> <span class='ocrx_word' id='word_1_297' title='bbox 594 3378 667 3444; x_wconf 92' lang='lat' dir='ltr'>Huc</span> <span class='ocrx_word' id='word_1_298' title='bbox 689 3379 791 3464; x_wconf 84' lang='lat' dir='ltr'>igitur</span> <span class='ocrx_word' id='word_1_299' title='bbox 814 3384 960 3463; x_wconf 81' lang='lat' dir='ltr'>spectare</span> <span class='ocrx_word' id='word_1_300' title='bbox 983 3380 1090 3465; x_wconf 85' lang='lat' dir='ltr'>potuit</span> <span class='ocrx_word' id='word_1_301' title='bbox 1112 3380 1286 3448; x_wconf 88' lang='lat' dir='ltr'>Menandri</span> 
     </span>
     <span class='ocr_line' id='line_1_32' title="bbox 138 3480 1286 3572; baseline 0.008 -27"><span class='ocrx_word' id='word_1_302' title='bbox 138 3480 250 3547; x_wconf 80' lang='lat' dir='ltr'>fabula</span> <span class='ocrx_word' id='word_1_303' title='bbox 277 3484 503 3563; x_wconf 80' lang='grc' dir='ltr'>Πωλούμενοι,</span> <span class='ocrx_word' id='word_1_304' title='bbox 535 3506 553 3548; x_wconf 91' lang='grc'>0</span> <span class='ocrx_word' id='word_1_305' title='bbox 585 3507 649 3568; x_wconf 92' lang='lat' dir='ltr'>qua</span> <span class='ocrx_word' id='word_1_306' title='bbox 677 3483 809 3551; x_wconf 79' lang='lat' dir='ltr'>Caecilii</span> <span class='ocrx_word' id='word_1_307' title='bbox 838 3485 1065 3554; x_wconf 77' lang='lat' dir='ltr'>‘Polumenos&#39;</span> <span class='ocrx_word' id='word_1_308' title='bbox 1097 3508 1286 3572; x_wconf 87' lang='lat' dir='ltr'>expressam</span> 
     </span>
     <span class='ocr_line' id='line_1_33' title="bbox 138 3591 1288 3679; baseline 0.004 -25"><span class='ocrx_word' id='word_1_309' title='bbox 138 3611 208 3654; x_wconf 88' lang='lat' dir='ltr'>esse</span> <span class='ocrx_word' id='word_1_310' title='bbox 227 3591 350 3655; x_wconf 91' lang='lat' dir='ltr'>conieci</span> <span class='ocrx_word' id='word_1_311' title='bbox 369 3591 499 3676; x_wconf 85' lang='lat' dir='ltr'>Parcrg.</span> <span class='ocrx_word' id='word_1_312' title='bbox 517 3614 548 3675; x_wconf 94' lang='lat' dir='ltr'>p.</span> <span class='ocrx_word' id='word_1_313' title='bbox 561 3591 625 3657; x_wconf 91' lang='grc'>160</span> <span class='ocrx_word' id='word_1_314' title='bbox 640 3591 712 3658; x_wconf 91' lang='lat' dir='ltr'>adn.</span> <span class='ocrx_word' id='word_1_315' title='bbox 750 3592 954 3679; x_wconf 85' lang='lat' dir='ltr'>Quamquam</span> <span class='ocrx_word' id='word_1_316' title='bbox 978 3594 1078 3659; x_wconf 82' lang='lat' dir='ltr'>ctiam</span> <span class='ocrx_word' id='word_1_317' title='bbox 1102 3593 1288 3678; x_wconf 91' lang='lat' dir='ltr'>simplicior</span> 
     </span>
     <span class='ocr_line' id='line_1_34' title="bbox 139 3697 1286 3784; baseline 0.004 -23"><span class='ocrx_word' id='word_1_318' title='bbox 139 3697 366 3782; x_wconf 89' lang='lat' dir='ltr'>interpretatio</span> <span class='ocrx_word' id='word_1_319' title='bbox 386 3699 420 3763; x_wconf 93' lang='lat' dir='ltr'>in</span> <span class='ocrx_word' id='word_1_320' title='bbox 438 3701 592 3783; x_wconf 92' lang='lat' dir='ltr'>promptu</span> <span class='ocrx_word' id='word_1_321' title='bbox 610 3697 691 3764; x_wconf 91' lang='lat' dir='ltr'>haee</span> <span class='ocrx_word' id='word_1_322' title='bbox 706 3703 765 3784; x_wconf 88' lang='lat' dir='ltr'>est,</span> <span class='ocrx_word' id='word_1_323' title='bbox 783 3705 820 3764; x_wconf 93' lang='grc'>01</span> <span class='ocrx_word' id='word_1_324' title='bbox 834 3702 918 3766; x_wconf 89' lang='grc'><strong>00110</strong></span> <span class='ocrx_word' id='word_1_325' title='bbox 933 3700 1031 3766; x_wconf 89' lang='grc'><strong>011001</strong></span> <span class='ocrx_word' id='word_1_326' title='bbox 1044 3701 1135 3766; x_wconf 91' lang='grc'><strong>00110</strong></span> <span class='ocrx_word' id='word_1_327' title='bbox 1149 3701 1286 3768; x_wconf 91' lang='lat' dir='ltr'>omnino</span> 
     </span>
    </p>
   </div>
   <div class='ocr_carea' id='block_1_11' title="bbox 137 3891 1287 4318">
    <p class='ocr_par' dir='ltr' id='par_1_11' title="bbox 137 3891 1287 4318">
     <span class='ocr_line' id='line_1_35' title="bbox 210 3891 1287 3966; baseline 0.006 -20"><span class='ocrx_word' id='word_1_328' title='bbox 210 3897 237 3960; x_wconf 80' lang='grc'>4)</span> <span class='ocrx_word' id='word_1_329' title='bbox 253 3892 498 3962; x_wconf 82' lang='lat' dir='ltr'>Supervacaneum</span> <span class='ocrx_word' id='word_1_330' title='bbox 511 3891 602 3947; x_wconf 84' lang='lat' dir='ltr'>videri</span> <span class='ocrx_word' id='word_1_331' title='bbox 616 3894 712 3961; x_wconf 81' lang='lat' dir='ltr'>potest</span> <span class='ocrx_word' id='word_1_332' title='bbox 725 3892 851 3947; x_wconf 89' lang='lat' dir='ltr'>additum</span> <span class='ocrx_word' id='word_1_333' title='bbox 866 3909 967 3960; x_wconf 76' lang='grc'><strong>0000100,</strong></span> <span class='ocrx_word' id='word_1_334' title='bbox 984 3896 1069 3962; x_wconf 85' lang='lat' dir='ltr'>atque</span> <span class='ocrx_word' id='word_1_335' title='bbox 1087 3893 1158 3950; x_wconf 86' lang='lat' dir='ltr'>adeo</span> <span class='ocrx_word' id='word_1_336' title='bbox 1172 3898 1287 3966; x_wconf 81' lang='lat' dir='ltr'>praeter</span> 
     </span>
     <span class='ocr_line' id='line_1_36' title="bbox 137 3979 1282 4051; baseline 0.003 -16"><span class='ocrx_word' id='word_1_337' title='bbox 137 3982 284 4036; x_wconf 84' lang='lat' dir='ltr'>veritatem</span> <span class='ocrx_word' id='word_1_338' title='bbox 304 3979 438 4049; x_wconf 87' lang='lat' dir='ltr'>additum,</span> <span class='ocrx_word' id='word_1_339' title='bbox 457 3980 480 4034; x_wconf 92' lang='lat' dir='ltr'>si</span> <span class='ocrx_word' id='word_1_340' title='bbox 499 3980 646 4036; x_wconf 90' lang='lat' dir='ltr'>audiamus</span> <span class='ocrx_word' id='word_1_341' title='bbox 666 3981 870 4046; x_wconf 87' lang='lat' dir='ltr'>Quintilianum</span> <span class='ocrx_word' id='word_1_342' title='bbox 890 3981 924 4049; x_wconf 92' lang='lat' dir='ltr'>V,</span> <span class='ocrx_word' id='word_1_343' title='bbox 944 3987 985 4050; x_wconf 83' lang='lat'>10,</span> <span class='ocrx_word' id='word_1_344' title='bbox 1004 3987 1040 4037; x_wconf 81' lang='grc'>10</span> <span class='ocrx_word' id='word_1_345' title='bbox 1059 3983 1088 4037; x_wconf 90' lang='grc'>01</span> <span class='ocrx_word' id='word_1_346' title='bbox 1106 3982 1166 4051; x_wconf 85' lang='lat' dir='ltr'>Vll,</span> <span class='ocrx_word' id='word_1_347' title='bbox 1185 3988 1212 4049; x_wconf 81' lang='grc'>11,</span> <span class='ocrx_word' id='word_1_348' title='bbox 1231 3989 1282 4039; x_wconf 71' lang='lat'>272</span> 
     </span>
     <span class='ocr_line' id='line_1_37' title="bbox 137 4069 1284 4139; baseline 0.002 -14"><span class='ocrx_word' id='word_1_349' title='bbox 137 4071 190 4125; x_wconf 84' lang='lat' dir='ltr'>nisi</span> <span class='ocrx_word' id='word_1_350' title='bbox 210 4074 314 4138; x_wconf 85' lang='lat' dir='ltr'>tamen,</span> <span class='ocrx_word' id='word_1_351' title='bbox 335 4070 439 4124; x_wconf 85' lang='lat' dir='ltr'>‘utrum</span> <span class='ocrx_word' id='word_1_352' title='bbox 458 4087 552 4124; x_wconf 88' lang='lat' dir='ltr'>seruus</span> <span class='ocrx_word' id='word_1_353' title='bbox 570 4069 728 4124; x_wconf 81' lang='lat' dir='ltr'>efficeretur</span> <span class='ocrx_word' id='word_1_354' title='bbox 746 4086 779 4125; x_wconf 84' lang='lat' dir='ltr'>cx</span> <span class='ocrx_word' id='word_1_355' title='bbox 799 4069 969 4125; x_wconf 86' lang='lat' dir='ltr'>addictione’</span> <span class='ocrx_word' id='word_1_356' title='bbox 990 4087 1086 4139; x_wconf 88' lang='lat' dir='ltr'>necne,</span> <span class='ocrx_word' id='word_1_357' title='bbox 1105 4070 1162 4125; x_wconf 88' lang='lat' dir='ltr'>iam</span> <span class='ocrx_word' id='word_1_358' title='bbox 1176 4087 1195 4126; x_wconf 84' lang='lat' dir='ltr'>a</span> <span class='ocrx_word' id='word_1_359' title='bbox 1208 4073 1284 4127; x_wconf 69' lang='grc'><strong>1010</strong></span> 
     </span>
     <span class='ocr_line' id='line_1_38' title="bbox 137 4157 1283 4228; baseline 0.001 -15"><span class='ocrx_word' id='word_1_360' title='bbox 137 4160 214 4214; x_wconf 85' lang='lat' dir='ltr'>ribus</span> <span class='ocrx_word' id='word_1_361' title='bbox 233 4158 391 4215; x_wconf 79' lang='lat' dir='ltr'>dubitatum</span> <span class='ocrx_word' id='word_1_362' title='bbox 410 4176 470 4214; x_wconf 90' lang='grc'><strong>0000</strong></span> <span class='ocrx_word' id='word_1_363' title='bbox 489 4157 574 4213; x_wconf 83' lang='lat' dir='ltr'>Gaius</span> <span class='ocrx_word' id='word_1_364' title='bbox 594 4158 695 4213; x_wconf 85' lang='lat' dir='ltr'>doceat</span> <span class='ocrx_word' id='word_1_365' title='bbox 713 4159 760 4227; x_wconf 93' lang='grc'><strong>111,</strong></span> <span class='ocrx_word' id='word_1_366' title='bbox 782 4165 840 4213; x_wconf 82' lang='grc'><strong>180.</strong></span> <span class='ocrx_word' id='word_1_367' title='bbox 878 4157 919 4213; x_wconf 81' lang='lat' dir='ltr'>cf.</span> <span class='ocrx_word' id='word_1_368' title='bbox 939 4157 1069 4213; x_wconf 71' lang='lat' dir='ltr'>licinium</span> <span class='ocrx_word' id='word_1_369' title='bbox 1088 4159 1160 4213; x_wconf 88' lang='lat' dir='ltr'>luris</span> <span class='ocrx_word' id='word_1_370' title='bbox 1178 4158 1283 4228; x_wconf 70' lang='lat' dir='ltr'>privari</span> 
     </span>
     <span class='ocr_line' id='line_1_39' title="bbox 137 4255 243 4318; baseline 0.009 -17"><span class='ocrx_word' id='word_1_371' title='bbox 137 4266 163 4318; x_wconf 94' lang='lat' dir='ltr'>p.</span> <span class='ocrx_word' id='word_1_372' title='bbox 184 4255 243 4302; x_wconf 79' lang='grc'><strong>004.</strong></span> 
     </span>
    </p>
   </div>
   <div class='ocr_carea' id='block_1_12' title="bbox 0 0 1470 5026">
    <p class='ocr_par' dir='ltr' id='par_1_12' title="bbox 0 0 1470 5026">
     <span class='ocr_line' id='line_1_40' title="bbox 0 0 1470 5026; baseline 0 0"><span class='ocrx_word' id='word_1_373' title='bbox 0 0 1470 5026; x_wconf 95' lang='lat' dir='ltr'> </span> 
     </span>
    </p>
   </div>
  </div>
 </body>
</html>
