2932 5026
271 310 335 375 418
554 327 602 375 ou
626 328 661 374 u.
684 327 861 376 vuaaoms
885 326 1139 377 aoersromers.

273 467 312 531 de
331 469 433 535 satira
452 471 502 534 eui
522 491 640 534 nomen
661 470 826 552 Tanaquil,
850 469 936 554 quod
953 492 1072 535 nomen
1090 492 1164 534 eum
1183 492 1203 534 a
1221 470 1420 554 logistorieis

271 577 364 641 libris
393 577 628 662 segregandum
657 577 736 641 dicit
763 601 793 661 p.
817 577 874 662 63,
906 579 1011 663 magis
1040 579 1149 662 plaeet
1177 599 1276 663 quam
1299 576 1419 641 ibidem

272 684 422 748 laudibus
455 685 619 749 cumulata
646 683 746 749 Nonii
779 684 888 748 neseio
921 706 985 768 qua
1016 684 1197 771 diligentia„
1252 684 1421 750 Proximos

272 792 419 876 pagellas
442 814 558 875 parum
579 792 745 875 eleganter
764 790 876 873 scripti
895 789 1000 854 libelli
1019 812 1092 855 eum
1112 791 1214 856 oeulis
1234 792 1421 873 lustramus,

271 921 302 982 p.
325 900 369 963 64
392 898 549 963 miramur
571 899 611 962 de
634 897 820 980 ephemeride
841 897 950 961 novali
972 896 1019 961 ita
1043 896 1173 982 disseri,
1196 902 1234 962 ut
1256 920 1299 962 ne
1322 898 1420 983 Berg-

271 1004 386 1068 kianae
414 1004 545 1089 quidem
574 1004 818 1088 disputationis,
851 1025 933 1087 quae
962 1003 1085 1068 inserta
1113 1009 1164 1069 est
1185 1004 1293 1070 Musei
1316 1006 1419 1070 nostri

270 1111 429 1197 philologi
459 1112 614 1177 volumini
643 1113 672 1196 Ι,
700 1112 768 1177 ulla
794 1111 879 1176 ratio
908 1110 1074 1175 habeatur.
1122 1109 1185 1177 Sed
1207 1135 1238 1196 p.
1267 1111 1312 1176 66
1336 1110 1420 1196 quod

272 1217 357 1301 apud
376 1216 598 1282 Diomedeml
621 1242 651 1302 p.
662 1219 728 1283 372
751 1221 884 1283 exstans
907 1216 1116 1282 Praetormue
1138 1219 1257 1284 titulus
1282 1218 1323 1284 ad
1347 1239 1417 1281 eam

271 1325 408 1389 satiram
432 1325 573 1389 refertur
596 1346 677 1408 quae
700 1323 859 1407 inscripta
882 1327 953 1388 erat
974 1323 1205 1402 Fluetebulum
1225 1326 1299 1404 περὶ
1321 1326 1417 1404 tuop-

272 1435 360 1510 χιῶν,
384 1430 417 1495 id
439 1454 506 1496 non
529 1431 731 1496 incommode
755 1431 975 1515 excogitatum
995 1435 1059 1495 est:
1082 1430 1241 1515 siquidem
1261 1453 1301 1495 ea
1318 1432 1417 1496 satira

273 1538 313 1602 ab
339 1538 409 1621 ipso
434 1544 627 1622 argumento
652 1536 739 1623 (περὶ
762 1540 934 1618 ἐπαρχιῶν,
960 1539 980 1602 i.
995 1560 1020 1602 e.
1045 1538 1221 1624 praeturis)
1244 1537 1342 1602 duelo
1365 1560 1421 1602 uo·

272 1646 357 1709 mine
386 1645 432 1708 sie
460 1645 568 1710 vocari
596 1668 616 1709 a
644 1645 867 1729 grammaticis
895 1645 1004 1728 potuit
1034 1645 1074 1708 ad
1097 1666 1208 1709 earum
1231 1644 1428 1711 fabularum

271 1751 518 1816 similitudinem
534 1751 572 1816 de
587 1753 704 1836 quibus
719 1752 927 1836 exposuimus
942 1750 1107 1836 Parergon
1121 1750 1137 1814 Ι
1151 1773 1182 1834 p.
1200 1751 1273 1815 142.
1301 1749 1433 1826 Quam-

272 1880 369 1942 quam
391 1880 456 1922 uon
480 1881 577 1922 unam
601 1859 643 1922 ob
667 1881 815 1924 caussam
839 1859 995 1942 perdubia
1017 1881 1067 1922 res
1092 1862 1151 1922 est.
