2956 5018
178 309 243 373 392
598 324 647 369 nn
671 323 704 368 n.
728 321 902 368 varnerus

177 470 344 552 potuerint
366 468 400 530 in
424 466 700 532 Varronianorum
725 465 882 530 varietate
906 466 1101 548 scriptorum
1124 464 1256 529 habere
1293 464 1323 531 Ε

178 597 241 659 quo
265 596 381 660 genere
405 575 502 638 etiam
526 573 588 636 hoe
612 576 669 654 est,
693 572 777 655 qued
802 570 841 634 de
861 571 991 635 vest-ibus
1008 569 1080 635 Cois
1098 572 1329 653 percommode·

178 682 240 745 diei
269 682 303 744 in
330 681 423 746 libris
451 682 486 745 de
507 681 573 744 ¹orta
589 679 701 761 pepedi
722 679 860 742 Reraaai
883 677 999 760 potuit.
1026 713 1063 722 -
1090 674 1245 742 Ceterum
1267 701 1314 744 uu·

177 811 339 853 merorum
373 786 573 872 quorundam
606 784 865 849 emendationem
894 786 1005 867 aperte
1033 790 1262 867 corruptorum
1289 784 1313 850 in

179 895 337 960 Plinianis
361 893 557 959 testimoniis
582 892 685 956 sciens
709 912 794 955 nune
816 889 1030 973 praetermisi.

267 1003 297 1066 3.
321 1001 543 1065 l‘linianerum
562 996 800 1062 multitudinem
819 997 914 1060 faeile
933 999 1027 1080 putet
1045 996 1209 1081 quispiam
1229 996 1313 1064 eSe·

179 1109 250 1172 lini
276 1107 481 1191 Polyhistere
512 1105 623 1190 augeri
654 1126 764 1187 posse,
793 1103 827 1166 in
854 1125 918 1186 quo
943 1101 1103 1168 Varronis
1127 1105 1314 1169 mentionem

178 1214 229 1278 his
253 1214 332 1278 loeis
357 1214 467 1277 habes.
513 1211 589 1295 Cap.
612 1214 649 1274 ll
671 1212 737 1274 fin:
774 1210 840 1273 ‘eutt
867 1209 967 1274 Varro
989 1209 1120 1274 Icarum
1143 1210 1261 1275 Cretam
1282 1211 1317 1276 dri

179 1317 232 1405 (ad
257 1319 384 1383 learum
414 1318 568 1403 insulam)
599 1317 765 1398 rrarrfrapie
796 1317 934 1381 interisse
962 1322 990 1381 et
1016 1319 1053 1381 de
1080 1319 1166 1382 eaitu
1192 1317 1318 1383 beminis

180 1427 356 1508 impositum
386 1447 496 1492 nomeu
524 1426 601 1501 leem
625 1461 669 1467 —
693 1444 718 1487 o.
741 1423 781 1486 27
812 1423 895 1487 init:
926 1429 1032 1489 amtor
1060 1429 1104 1490 est
1133 1425 1234 1491 Verre
1257 1446 1319 1507 prr·

178 1534 313 1614 flebilem
337 1535 379 1599 ibi
403 1532 457 1615 (ad
478 1531 608 1595 Africae
632 1527 737 1614 oram)
762 1535 876 1594 terram
898 1532 995 1597 veritis
1017 1531 1253 1614 pmretrurdrbus
1275 1552 1321 1597 sa·

179 1641 243 1704 bila
265 1642 296 1704 ei
315 1640 428 1725 (vulgo
447 1639 581 1704 subitam
599 1635 675 1721 eim)
698 1638 827 1718 spiritus
849 1639 994 1703 citissime
1015 1644 1072 1702 aut
1094 1659 1244 1704 revomere
1264 1660 1324 1703 ura

180 1749 230 1811 ria
261 1752 317 1810 aut
348 1747 514 1823 reserbere;
545 1783 585 1789 -
614 1767 639 1808 e.
663 1744 705 1807 33
734 1744 818 1808 init:
956 1746 1086 1810 rubrum
1116 1766 1218 1824 ruere,
1248 1746 1326 1828 qaod

180 1853 389 1936 Erptbrumuu
417 1854 455 1917 ab
478 1851 621 1935 Erptlrra
648 1872 714 1933 repe
736 1851 842 1917 Persei
869 1856 898 1916 et
919 1853 1136 1919 Andromedae
1157 1854 1239 1936 filie,
1266 1874 1326 1918 uer

179 1961 277 2024 selum
304 1982 325 2022 a
352 1961 448 2025 celere
475 1960 664 2042 appellatum
692 1958 792 2023 Varro
815 1959 902 2037 dieit,
929 1962 984 2041 qui
1005 1960 1151 2043 affimant
1181 1961 1215 2024 iu
1243 1960 1327 2025 litere

180 2067 279 2131 uraris
303 2068 392 2130 istius
413 2066 529 2145 {erilem
550 2085 619 2147 esse,
642 2086 730 2146 auem
753 2067 781 2129 si
804 2086 870 2130 oues
888 2066 1026 2150 biberint,
1048 2072 1167 2131 malent
1184 2066 1326 2131 adieram

180 2173 360 2253 prralitatem
382 2177 411 2235 et
432 2176 524 2235 ardea
546 2172 696 2236 eaudidae
718 2172 866 2236 auritteret
882 2193 970 2254 quem
988 2172 1152 2238 imbuerint
1170 2175 1326 2254 [amittant

179 2280 260 2360 qaod
288 2279 415 2357 feceriut
444 2278 555 2363 vulgo]
589 2299 682 2358 risque
714 2280 756 2342 ad
783 2278 929 2343 lauat-um
955 2300 992 2343 ae
1016 2280 1109 2360 ferreo
1137 2281 1327 2362 postrema

180 2387 355 2467 uipreseaat
385 2384 489 2449 celere.
535 2383 582 2447 Ae
615 2383 653 2446 de
688 2384 794 2465 prime
827 2383 942 2448 herum
972 2384 1239 2449 testimoniorum
1264 2406 1326 2451 uon

180 2491 358 2574 intercedo,
391 2492 429 2554 de
464 2491 567 2554 altero
600 2493 633 2551 et
665 2490 763 2554 tertio
797 2490 890 2554 valde
923 2512 1040 2574 anceps
1073 2511 1144 2555 esse
1176 2491 1327 2557 iudicium

181 2599 294 2662 sentio.
341 2597 424 2662 Nam
456 2619 537 2681 quae
568 2596 607 2660 de
638 2597 743 2661 ventis
772 2597 980 2679 maribusque
1011 2619 1086 2662 orae
1109 2597 1243 2663 Africae
1265 2603 1326 2663 tra·

141 2725 167 2765 a
182 2703 314 2787 duntur,
338 2726 376 2767 ea
399 2703 485 2768 haud
509 2702 575 2768 seio
599 2726 639 2767 an
663 2705 699 2766 de
722 2703 896 2769 litoralibus
925 2705 1033 2787 potius
1062 2704 1130 2768 sire
1153 2704 1239 2770 libro
1262 2706 1326 2769 sive

95 2856 99 2865 .
181 2811 275 2875 libris
298 2810 458 2874 Varronis
483 2811 597 2874 debere
617 2809 746 2873 Selinus
771 2832 808 2874 eo
833 2811 1035 2893 probabilius
1060 2811 1222 2894 credatur,
1244 2810 1327 2897 quod

181 2937 253 2979 eum
278 2917 397 2980 librum
422 2918 502 2981 alibi
526 2918 594 2999 ipse
620 2917 894 2997 commemoravit,
918 2939 942 2981 e.
971 2919 1024 2980 ll:
1054 2916 1154 2981 Varro
1178 2918 1214 2981 iu
1236 2937 1327 2999 opere,

180 3024 261 3103 qued
284 3023 320 3085 de
344 3021 516 3086 literalibus
535 3028 586 3104 est,
605 3023 697 3085 etiam
715 3024 781 3087 suis
801 3024 985 3105 temperetur
998 3025 1143 3105 estimant
1154 3023 1326 3104 sarcilem

182 3129 266 3192 loeis
289 3128 332 3191 ibi
354 3129 521 3192 visitatum.
562 3130 649 3202 Quae
674 3151 729 3192 eur
754 3130 785 3193 in
806 3129 990 3193 litoralibus
1010 3130 1119 3195 loeum
1137 3129 1328 3211 invenerint,

182 3233 292 3318 colligi
317 3255 355 3297 ex
377 3233 419 3297 iis
443 3256 525 3317 quae
546 3234 742 3317 praecedunt
755 3238 883 3331 potest:
906 3235 986 3298 albet
1001 3233 1128 3321 (Creta)
1146 3236 1230 3318 iupis
1246 3255 1328 3300 ureri-

182 3343 259 3405 tium
277 3341 466 3423 Dietpauaei
487 3347 515 3405 et
533 3340 663 3422 Gadium,
686 3343 740 3422 qui
764 3342 808 3405 ita
831 3343 1053 3406 ereaudrueuut
1076 3346 1110 3405 ut
1131 3344 1253 3407 emimus
1274 3362 1332 3406 ue·

181 3450 317 3529 riparrles
343 3449 443 3530 mapis
467 3453 575 3530 putem
597 3448 714 3511 uubila.
741 3453 866 3529 praeter
888 3454 997 3513 celeres
1019 3447 1083 3512 Ida
1104 3453 1160 3530 est,
1184 3450 1240 3530 qui
1260 3453 1342 3513 ante

183 3556 257 3619 selis
279 3561 380 3618 ertum
403 3556 494 3618 selem
517 3556 604 3619 ridet.
656 3553 748 3630 Quod
772 3559 880 3617 autem
905 3555 1005 3619 libros
1029 3557 1065 3619 de
1088 3556 1273 3635 litoralibus,
1293 3556 1342 3619 de

182 3682 238 3724 era
260 3662 430 3736 ruerilium,
453 3661 489 3722 de
511 3661 676 3726 aestuariis
695 3659 885 3724 Krahnerus
900 3683 929 3743 p.
947 3662 996 3742 18,
1019 3682 1159 3744 quoeum
1178 3660 1348 3726 convenil:

183 3765 339 3836 Merkelie
354 3765 473 3848 prolus.
489 3764 529 3828 ad
544 3765 652 3830 Ovidii
666 3766 738 3831 Ibin
758 3790 788 3850 p.
799 3767 873 3849 361,
897 3767 1035 3831 eouieeit
1053 3768 1200 3851 singulas
1220 3770 1348 3850 partes

182 3873 280 3935 fuisse
305 3870 398 3934 unius
423 3872 529 3954 operis
545 3872 753 3954 Verminam,
777 3873 862 3957 quod
886 3895 956 3936 esse
974 3873 1210 3955 Epiremeridem
1232 3892 1347 3957 uara*

183 3979 241 4041 bour
272 3979 315 4041 ad
343 3977 522 4060 Pompeium
554 3979 669 4043 voluit:
702 3980 735 4042 id
764 3980 916 4044 credibile
944 4003 1008 4044 nen
1040 3983 1099 4044 est.
1145 3978 1214 4045 Nee
1242 3980 1348 4044 enirn

182 4083 254 4166 illa,
282 4105 363 4165 quae
393 4090 469 4149 sunt
497 4086 534 4149 de
558 4085 616 4149 lda
641 4084 800 4170 Cretensi,
833 4087 999 4151 commode
1030 4088 1224 4170 perspicitur
1253 4109 1348 4172 quo‘

183 4190 278 4255 mode
309 4190 349 4254 ad
378 4192 522 4275 Pompeii
554 4193 696 4257 rationes
726 4194 941 4277 pertinuerint
968 4194 1001 4257 in
1024 4193 1186 4276 Hispania
1212 4193 1348 4257 milita·

182 4298 260 4361 turi:
289 4301 322 4360 et
350 4297 411 4362 hoe
443 4303 478 4362 ut
501 4299 674 4364 eeneedam
698 4299 843 4382 potuisse
868 4300 951 4382 fieri,
979 4304 1162 4384 repugnant
1185 4299 1348 4383 proseeto

182 4403 235 4472 vel
262 4408 349 4470 certe
377 4427 508 4491 prorsus
535 4405 722 4472 dissuadent
744 4405 801 4470 illa
823 4406 894 4490 ipsa
919 4405 1022 4471 Selini
1046 4408 1145 4488 verba
1169 4407 1202 4473 iu
1224 4420 1346 4490 opero
