2956 5018
189 326 255 392 550
519 343 635 389 urrann
658 322 801 388 VARRO‘S
825 340 999 387 rusmuvu

189 487 412 550 Romanorum
445 484 649 569 potissimum
682 484 847 567 ipsiusque
877 484 1037 549 Varronis
1071 487 1183 548 mente
1215 482 1338 564 luerint,

139 610 186 649 v11
196 592 443 678 quaesierimus,
475 591 525 653 vix
549 595 601 653 est
624 589 797 653 verendum
822 611 862 653 ne
886 611 905 653 a
928 590 1067 653 veritate
1097 590 1229 675 longius
1257 589 1339 654 aber·

192 721 308 763 remus.
349 698 464 780 Itaque
496 696 546 760 his
576 702 612 760 ut
641 700 771 761 utamur
803 697 836 759 in
870 696 1093 778 disputatione
1126 700 1258 780 nostra,
1287 719 1340 761 uec

191 805 297 868 Varro
340 804 446 886 potuit
485 825 545 868 nec
581 803 801 868 Romanorum
845 803 1016 886 quisquam
1054 824 1122 876 non
1165 803 1340 868 discernere

192 910 355 993 publicam
389 931 408 972 a
439 910 568 993 privata
598 910 735 989 virtute,
772 908 937 992 publicam
971 912 1080 972 autem
1113 910 1163 973 eis
1196 908 1338 993 partibus

192 1016 317 1080 duabus
345 1038 488 1097 censere,
516 1039 651 1100 quarum
676 1016 780 1080 altera
803 1016 843 1080 ad
871 1015 1022 1079 bellicam
1052 1016 1184 1080 laudern
1212 1018 1339 1100 spectat,

191 1123 230 1187 ad
255 1122 448 1207 sapientiam
473 1123 601 1187 civilem
625 1122 738 1187 altera.
775 1121 850 1187 Non
873 1123 977 1208 magis
1002 1121 1138 1187 diffiteri
1173 1122 1338 1207 quisquam

191 1231 299 1313 potuit
326 1230 389 1293 duo
418 1251 488 1294 esse
521 1229 629 1312 spatia
661 1229 870 1312 principalia,
902 1229 935 1292 in
968 1227 1087 1312 quibus
1119 1233 1251 1312 praeter
1277 1250 1336 1293 rem

190 1337 354 1421 publicam
379 1337 430 1399 vel
462 1337 636 1420 gerendam
666 1337 717 1400 vel
745 1335 979 1399 defendendam
1009 1335 1188 1400 enitescere
1216 1336 1336 1420 ingenia

191 1431 332 1507 humana
363 1447 516 1525 possent,
548 1463 684 1525 quorum
713 1442 851 1505 alterum
884 1441 1017 1523 litteris,
1050 1441 1178 1505 artibus
1209 1442 1334 1505 alterurn

195 1549 387 1613 continetur.
424 1548 548 1612 Rursus
574 1548 681 1610 autem
705 1547 945 1611 inlitteratum
968 1567 1087 1631 genere
1112 1549 1196 1613 satis
1219 1553 1334 1613 constat

196 1655 291 1738 longe
315 1655 415 1718 etiam
439 1655 574 1718 certiore
599 1675 696 1736 quam
719 1653 815 1717 nobis
840 1653 1024 1717 discrimine
1044 1654 1211 1719 veteribus
1233 1660 1331 1740 poetas

74 1806 78 1811 -
197 1761 319 1825 distare
339 1785 357 1824 a
377 1761 600 1844 scriptoribus.
637 1759 729 1823 Vnde
754 1759 943 1843 quintuplex
967 1759 1046 1823 ordo
1072 1759 1184 1843 prodit
1207 1762 1329 1844 quinque

195 1867 289 1930 libris
323 1867 535 1932 Varronianis
568 1865 632 1950 (vel
666 1867 774 1949 potius
808 1866 965 1931 librorum
997 1864 1150 1948 paribus)
1183 1866 1327 1950 explendis

196 1977 307 2056 aptus:
329 1973 457 2056 quando
477 1973 703 2056 copulatorum
722 1995 795 2036 cum
814 1973 920 2056 poetis
940 1973 1139 2054 scriptorum
1159 1973 1325 2036 societatem

196 2078 347 2141 excedere
370 2079 465 2142 unius
494 2079 570 2142 libri
596 2079 754 2144 ambitum
783 2079 867 2143 infra
895 2077 1074 2161 apparebit.
1120 2077 1212 2141 Haec
1236 2082 1322 2141 subn

197 2205 277 2266 quae
307 2185 548 2266 percensuimus
577 2207 649 2248 cum
680 2188 793 2268 suapte
820 2186 937 2249 natura
965 2187 998 2247 et
1026 2183 1187 2266 primaria
1213 2183 1320 2248 sintin

196 2290 265 2354 vita
297 2289 463 2355 hominum
492 2295 526 2354 et
554 2291 650 2355 certis
684 2292 769 2355 inter
797 2313 831 2355 se
858 2290 975 2355 finibus
1007 2290 1166 2374 discreta,
1196 2291 1318 2374 superest

196 2419 273 2462 sane
306 2395 508 2462 ‘inlustrium
542 2397 674 2480 aliquo
711 2396 821 2462 modo
858 2395 1042 2463 hominum'
1080 2418 1183 2481 prope
1217 2397 1318 2462 infinita

195 2505 371 2569 multitudo
405 2507 438 2567 et
469 2503 669 2567 incredibilis
702 2504 856 2581 varietas,
889 2526 985 2587 quam
1019 2505 1185 2569 communi
1215 2502 1317 2567 vinculo

195 2610 350 2675 bifariam
369 2633 525 2676 conexam
545 2610 670 2674 duobus
690 2610 850 2692 capitibus
869 2611 923 2674 vix
943 2609 1010 2674 ullo
1031 2611 1170 2675 artificio
1189 2626 1316 2675 eoem

197 2716 241 2780 Et
264 2721 300 2780 ut
323 2740 422 2781 unum
446 2719 480 2781 in
504 2720 566 2781 fine
590 2721 689 2799 caput
711 2716 890 2779 miscellam
915 2716 1025 2781 dedita
1049 2738 1149 2800 opera
1171 2713 1316 2780 subiecisse

196 2822 380 2888 Varronem
405 2825 484 2888 satis
509 2847 566 2907 per
589 2846 623 2887 se
647 2823 799 2887 credibile
819 2824 870 2903 sit,
894 2827 927 2886 at
951 2823 1031 2907 dyas
1056 2824 1203 2908 profecto
1220 2815 1315 2886 miscel·

198 2928 305 2992 lorum
330 2931 473 3012 capitum
498 2932 538 2994 ab
559 2930 638 2993 artis
659 2929 790 2994 notione
810 2930 927 2993 mirum
951 2933 1111 3013 quantum
1137 2924 1316 2994 abhorruerit

196 3033 310 3118 Itaque
344 3058 401 3099 nos
435 3036 704 3119 quemadmodum
733 3035 817 3098 ratio
849 3035 922 3117 ipsa
953 3036 1111 3119 impellit,
1144 3042 1182 3100 ut
1212 3037 1245 3101 in
1269 3033 1313 3096 ica

196 3162 305 3204 rerum
329 3142 423 3224 copia
447 3153 484 3205 ac'
504 3143 662 3206 varietate
686 3142 794 3206 locum
819 3142 959 3225 aliquem
984 3163 1189 3208 communem
1214 3144 1316 3208 circum·
1363 3204 1365 3213 ,

194 3246 380 3329 spiciamus,
412 3269 475 3330 quo
506 3249 636 3312 illarum
666 3253 792 3332 partem
823 3248 964 3332 aliquam
997 3249 1260 3332 complectamur,
1283 3245 1316 3309 iu
1363 3226 1365 3243 Ι

192 3352 277 3416 idem
305 3353 466 3418 studuisse
488 3354 670 3420 Varronem
698 3360 949 3419 consentaneum
978 3359 1036 3419 est.
1074 3354 1145 3421 Nec
1169 3378 1244 3422 sane
1263 3352 1314 3418 erat

192 3482 259 3536 cur,
284 3483 346 3543 quo
371 3484 451 3544 opus
474 3462 628 3546 habebat,
657 3463 709 3527 vel
734 3463 789 3526 diu
814 3466 984 3546 quaereret
1007 3464 1057 3526 vel
1081 3463 1213 3548 longius
1238 3480 1316 3528 arces·

192 3569 290 3629 seret:
324 3567 443 3650 quippe
471 3569 522 3631 cui
550 3572 617 3632 tam
650 3568 682 3632 id
710 3569 745 3632 in
774 3572 926 3651 promptu
955 3573 1054 3652 esset,
1088 3575 1126 3634 ut
1155 3592 1197 3633 ne
1228 3565 1317 3655 posset

193 3672 321 3754 quidem
346 3674 529 3755 praeterire.
564 3674 711 3749 Quodne
734 3675 830 3758 quale
854 3675 898 3738 sit
921 3674 1109 3739 distinctius
1138 3675 1320 3760 percipiatur,

193 3779 423 3843 recordandum
446 3785 497 3842 est
524 3784 557 3843 et
584 3781 743 3846 ‘litteras'
769 3786 801 3844 et
824 3779 948 3844 ‘artes'
978 3785 1011 3844 et
1037 3780 1247 3866 ‘scriptores'
1269 3795 1321 3842 cum

193 3887 316 3947 veteres
340 3885 487 3969 dixerint,
510 3909 549 3950 ea
573 3889 730 3952 vocabula
754 3887 864 3952 omnia
883 3888 933 3950 vel
958 3887 1057 3951 latius
1081 3891 1249 3971 patentem
1271 3882 1320 3947 viu

192 3989 312 4054 habere
356 3992 408 4055 vel
454 3994 696 4078 angustioribus
743 3994 862 4057 finibus
910 3994 1199 4078 circumscriptam.
1246 3986 1321 4055 velut

194 4095 366 4178 scriptores
404 4099 465 4162 etsi
502 4105 578 4163 sunt
614 4122 691 4163 saue
732 4100 924 4183 quicumque
966 4099 1091 4183 aliquid
1129 4096 1320 4185 scripserunt

191 4205 302 4266 tamen
325 4204 429 4285 poetis
452 4205 508 4268 ubi
527 4207 605 4269 clari
629 4207 748 4269 litteris
768 4206 943 4289 scriptores
963 4209 1183 4289 opponuntur,
1207 4206 1320 4289 praeter

193 4315 316 4373 ceteros
341 4314 470 4373 constat
493 4311 531 4374 dc
556 4312 749 4393 oratoribus,
774 4311 949 4393 historicis,
974 4310 1181 4396 philosophis
1208 4300 1320 4396 cogitvi

194 4416 325 4481 solitum
358 4437 438 4481 esse.
483 4416 567 4480 Item
599 4418 637 4481 de
670 4416 851 4501 statuariis,
889 4416 1127 4502 sculptoribus,
1164 4413 1319 4502 pictoribue
