2932 5026
506 310 926 394 mscu’muuavn'nmnrs.
1120 340 1123 345 '
1219 329 1285 394 395

146 492 213 571 sert
221 512 287 574 aper
300 489 480 572 Campatius
491 489 694 573 frumentum,
707 490 865 555 blateratus
883 491 999 573 uiuruu,
1013 488 1162 554 Casainaa
1179 490 1286 567 olerrm,

157 598 336 663 Tusculanus
356 598 459 678 fiatur,
481 596 541 659 asel
562 595 758 672 Tareninus,
776 597 891 677 piarem
913 594 1038 660 Tiberia.
1072 595 1161 660 Haeo
1184 597 1286 681 igitur

159 704 188 768 si
212 727 268 768 non
298 703 405 768 aliena
435 702 569 767 fuerunt
598 726 617 766 a
646 702 767 767 Rerum
795 702 1011 767 humanarum
1043 703 1149 785 libris,
1182 703 1284 767 multo

164 811 242 875 stiam
268 810 374 875 minus
401 809 508 875 aliena
535 809 618 874 talia
645 809 833 894 put-abimus
862 832 943 894 quae
972 808 1013 873 ad
1037 832 1092 874 eos
1118 810 1205 874 loeus
1228 832 1284 893 po·

168 918 274 1000 pulosve
300 916 417 982 ltaliae
449 921 614 1001 spectant,
644 917 699 1002 qui
731 917 833 1000 ipsius
864 916 1021 981 historiae
1053 916 1182 991 vinculo
1213 939 1285 981 eum

170 1021 263 1091 Ronoe
287 1024 485 1108 Latinaeque
509 1022 618 1108 gentis
642 1022 890 1106 antiquitatibus
915 1023 1130 1087 eontinentur.
1168 1022 1286 1099 Qualia

171 1138 224 1197 runt
241 1131 278 1195 de
299 1131 395 1196 Latio
418 1131 520 1214 deque
544 1128 691 1195 Oenotria
715 1128 845 1216 prodita
868 1130 953 1213 apud
978 1128 1124 1194 Servium
1148 1130 1182 1194 in
1206 1130 1285 1194 Aen.

170 1234 235 1322 llll,
246 1240 319 1304 322.
341 1238 366 1321 l,
380 1238 460 1319 5323
483 1237 533 1301 vel
557 1236 596 1300 de
619 1234 746 1300 Sarbiais
769 1235 854 1318 apsrd
879 1233 1011 1300 Festum
1035 1259 1066 1320 p.
1085 1237 1162 1300 343:
1188 1242 1286 1320 atque

167 1346 314 1425 persuadet
336 1344 514 1428 imprimis,
546 1342 645 1426 quod,
678 1342 948 1425 quemadmodum
982 1343 1021 1406 ιιι]
1052 1343 1286 1428 etymologiam

165 1470 226 1533 quae
254 1455 330 1516 sunt
362 1450 402 1514 de
428 1448 523 1515 Latio
551 1454 584 1513 et
612 1446 743 1514 Sabinis
772 1452 932 1532 spectant,
964 1448 1012 1512 ita
1040 1449 1142 1531 ipsius
1169 1450 1287 1515 ltaliae

162 1558 280 1625 nominis
308 1557 445 1641 stirpem
472 1556 507 1620 iu
535 1555 786 1639 antiquitatibus
809 1577 918 1619 rerum
941 1555 1157 1621 humanarum
1182 1556 1286 1622 Varro

159 1664 319 1749 explicasse
341 1663 460 1731 dieitur
482 1687 503 1727 a
521 1663 628 1727 Gellio
643 1662 700 1744 Xl,
719 1665 744 1727 1.
781 1660 849 1726 Nee
873 1686 954 1747 quae
977 1663 1062 1727 idem
1083 1663 1137 1727 ille
1156 1662 1286 1728 Servius

156 1764 243 1836 labet
267 1770 302 1835 in
324 1770 404 1835 Aen.
427 1768 457 1852 l,
481 1770 546 1834 246
573 1775 607 1833 et
635 1767 752 1853 Georg.
777 1767 822 1850 ll,
846 1770 919 1834 201.
954 1769 1033 1834 Aen.
1058 1769 1135 1853 Vll,
1160 1772 1224 1835 712
1247 1771 1287 1835 de

157 1871 272 1942 Timavo
293 1877 388 1960 tiuare
412 1876 514 1962 dequo
538 1876 608 1941 laese
636 1876 757 1956 Veliae,
781 1875 980 1957 geometriae
1004 1877 1108 1940 auum
1132 1900 1205 1942 eum
1229 1878 1287 1942 ali·

151 2000 212 2063 qua
231 1985 422 2050 confidentia
444 1985 600 2048 tribuere:
623 2004 682 2047 nee
705 1981 799 2064 haee,
823 1982 856 2046 iu
880 1981 960 2046 Aen.
985 1981 1058 2065 Vll,
1080 1984 1159 2047 aas:
1191 1987 1286 2050 soien-
1299 2009 1326 2047 ιι

149 2086 221 2155 dam
239 2112 311 2157 sarra
338 2093 508 2159 Varronem
530 2110 709 2155 errrrrarare
731 2094 803 2171 quot
826 2090 892 2154 bea
914 2090 949 2153 iu
973 2089 1072 2153 Italia
1094 2093 1158 2155 siat
1178 2092 1286 2158 lartius·

152 2197 243 2261 medi:
263 2221 321 2264 nee
343 2221 427 2282 quae
450 2197 489 2260 de
512 2196 609 2263 Baiis
632 2197 666 2262 iu
691 2194 745 2279 IX,
760 2197 834 2280 710,
857 2196 896 2260 de
919 2196 1014 2261 Caere
1037 2194 1143 2263 Sebol.
1168 2197 1286 2264 Veron.

148 2297 185 2364 in
201 2300 318 2387 1183:
341 2310 376 2371 ot
399 2306 427 2370 si
452 2328 533 2389 qnae
557 2309 633 2369 sunt
656 2303 688 2368 id
712 2324 814 2388 genus
838 2304 911 2368 alia.
948 2302 1063 2369 Paullo
1083 2306 1287 2389 probabilior

147 2424 212 2489 res,
229 2410 279 2476 sed
300 2411 423 2496 paullo,
446 2411 484 2475 de
499 2410 616 2476 Oiroeio
635 2416 668 2475 et
682 2410 782 2491 ldrpee
804 2410 957 2475 sirmatibus
980 2411 1066 2494 apud
1090 2412 1228 2476 eundem
1252 2414 1286 2477 in

148 2509 227 2580 Aen
244 2518 306 2602 ill,
328 2520 404 2583 386.
435 2517 475 2599 V,
491 2519 567 2581 411.
612 2516 783 2581 Praeterea
807 2538 873 2580 nou
897 2521 947 2580 est
969 2518 1222 2602 neglegendum,
1246 2520 1285 2583 de

146 2613 226 2686 loeis
245 2650 307 2691 nou
331 2626 478 2710 potuisse
501 2626 632 2689 omniuo
657 2625 756 2688 taceri
782 2624 813 2687 in
838 2623 885 2687 eis
909 2623 981 2687 lter.
996 2623 1083 2687 lium.
1104 2624 1206 2707 libris,
1230 2628 1284 2710 qui

147 2738 235 2798 etant
255 2737 291 2799 (le
311 2734 487 2798 lunrairaibus
511 2733 540 2797 h.
564 2757 591 2797 e.
616 2733 669 2796 lib.
687 2732 714 2795 ll
742 2731 782 2795 ad
807 2729 882 2794 Vll:
907 2755 970 2815 quo
995 2753 1058 2794 uou
1084 2731 1284 2795 incommode

143 2822 222 2900 illul
249 2843 355 2925 ipsum
386 2841 489 2905 Servii
521 2841 559 2904 de
585 2845 714 2909 Uentre
747 2861 813 2920 ripe
843 2839 1067 2903 testimouium
1099 2837 1283 2902 liralmerus

142 2948 179 3008 P·
205 2945 236 3011 ll
266 2949 406 3031 rettulit,
436 2948 542 3010 miuus
572 2951 680 3010 auteur
706 2946 917 3028 probabiliter
940 2968 1022 3029 quim
1046 2945 1085 3007 de
1109 2945 1286 3010 Μιιιϊιίιίιι-

136 3039 224 3116 ffltea
246 3055 445 3137 trilinyuibas·
474 3054 615 3117 lsidurua
640 3051 710 3134 XV,
738 3055 768 3134 1,
791 3054 833 3115 63
862 3076 934 3116 eum
959 3052 1058 3116 sohel.
1083 3052 1203 3116 lauaui
1232 3053 1287 3133 lll,

135 3140 207 3217 339
230 3163 397 3245 excerpsit.
435 3162 557 3225 Contra
582 3161 723 3244 pertinet
745 3158 808 3223 hue
828 3161 1030 3243 praeclarum
1046 3159 1204 3224 blut-robii
1220 3164 1287 3225 Sat.

134 3242 165 3363 Ι)
191 3261 207 3325 l
233 3267 321 3350 (eoll.
343 3267 507 3331 Laetautii
532 3265 603 3332 biv.
627 3267 702 3329 lust.
726 3265 817 3349 1:21)
843 3267 1063 3348 fragmentum
1087 3267 1124 3330 de
1149 3266 1288 3347 l'elaapis

133 3374 175 3421 υ]
199 3373 328 3438 [Artium
350 3375 498 3449 artemii&
531 3375 697 3456 pertinent
725 3374 864 3437 tortasse
894 3374 993 3436 etiarn
1018 3396 1100 3455 ιμιιιο
1124 3373 1162 3435 de
1186 3372 1286 3435 l'lroeo

131 3460 282 3545 (breem
308 3486 336 3544 et
358 3480 527 3544 Sardiniae
554 3501 620 3560 repa
649 3480 778 3543 Servius
804 3479 836 3540 iu
863 3477 939 3541 Aen.
965 3477 1003 3558 V,
1028 3480 1106 3560 821,
1130 3477 1168 3540 (le
1192 3479 1288 3542 Aeolo

131 3586 212 3657 'eye
234 3587 315 3652 idem
340 3588 373 3651 iu
398 3586 422 3668 l,
437 3587 480 3650 52
503 3586 589 3667 (roll.
604 3585 728 3650 Isidoro
749 3585 836 3669 Xll',
851 3587 880 3668 u,
895 3588 952 3668 36)
977 3609 993 3648 e
1011 3584 1155 3649 Varrone
1180 3586 1288 3666 tradit,

136 3680 210 3751 ”lsi
242 3694 365 3759 Aeolius
399 3693 518 3758 irardus
550 3693 703 3757 maluisse
740 3717 812 3757 eum
851 3694 883 3756 iu
918 3694 996 3757 loeis
1035 3716 1287 3757 commemorare

140 3800 337 3864 eutatimus.
383 3799 530 3882 Denique
559 3821 599 3863 ue
622 3802 658 3864 de
681 3800 864 3881 terrqroribas
887 3801 1016 3884 quidem
1041 3801 1225 3883 disputans,
1256 3802 1286 3864 id

145 3905 235 3975 quod
255 3908 326 3972 l'eeit
349 3930 370 3970 a
392 3903 470 3969 XIV
496 3904 535 3969 ad
560 3905 635 3968 XIX
662 3906 792 3985 librum,
821 3928 881 3969 nee
912 3906 945 3969 in
970 3909 1125 3988 ‹purttuor
1146 3908 1183 3969 ‹le
1202 3913 1288 3988 perita

150 4011 253 4084 ltvrmli
267 4013 403 4079 Rensaiii
426 4015 518 4079 libris
542 4036 605 4077 uou
627 4013 734 4095 potuit
752 4013 871 4076 similia
891 4013 1049 4096 ‹praedum
1069 4014 1286 4098 attingere.—

156 4102 220 4173 llia
238 4119 329 4203 igitur
352 4122 503 4187 omnibus
529 4128 564 4185 ut
588 4121 638 4183 ιι]
663 4120 778 4184 alienis
804 4122 851 4184 vel
879 4119 1040 4199 ambiguis
1060 4119 1134 4183 lrinu
1155 4122 1287 4184 seclusis

162 4231 303 4300 perpauca
330 4233 455 4294 restant
483 4227 717 4314 gerigraplriea,
750 4251 832 4311 qum
857 4227 1015 4290 l'liuiauis
1040 4251 1136 4310 supra
1160 4250 1286 4310 eourpo

162 4315 227 4385 silis
247 4333 349 4418 aliquo
369 4337 439 4399 iure
459 4336 532 4399 addi
555 4335 737 4398 videant-ur:
767 4335 853 4397 velut
873 4335 957 4418 quod
973 4335 1159 4399 liae-tuntius
1180 4334 1289 4416 prosuit

164 4415 230 4492 Μ]
253 4440 321 4506 inst.
344 4444 369 4527 l,
399 4444 450 4508 ll:
480 4444 616 4508 insistam
638 4444 770 4507 Satricum
796 4442 901 4508 scribit
929 4442 1027 4507 Varro
1044 4443 1137 4525 prius
1159 4439 1286 4505 Perlbe-
