2932 5026
258 317 301 381 94
604 336 1049 386 aro-aranrosaarmsonus

254 477 383 543 multos.
431 477 492 543 Sed
521 479 596 562 quid
625 480 717 544 tum?
750 503 791 545 en
823 479 928 568 (quod
956 502 1035 565 pace
1069 480 1205 544 aliorum
1241 474 1402 563 dixerim)

253 583 342 648 solus
366 583 518 668 Baptista
540 583 701 670 Egnatius
724 587 759 650 in
772 585 973 653 Venetorum
997 587 1228 653 florentissima
1251 586 1331 650 urbe
1355 586 1402 650 in·

180 682 184 686 ¹
252 697 371 756 uentus
392 695 451 774 est,
474 691 530 777 qui
553 693 661 777 graeci
685 693 844 779 latinique
868 695 1027 759 sermonis
1050 694 1133 758 mita
1156 692 1309 759 facundia
1326 693 1401 758 reli-

252 799 325 883 quis
354 799 504 864 omnibus
532 799 748 884 praestabat'.
794 800 867 865 Wir
894 802 1047 867 hominen
1075 806 1177 867 unten
1205 800 1325 865 dmauf
1350 823 1404 865 au·

252 907 340 971 rilck.
369 943 411 954 -
439 904 541 971 Wohl
568 908 701 974 viermal
731 906 991 993 umfangreicher
1018 909 1063 973 ist
1085 910 1142 975 der
1164 908 1277 973 zweite
1301 906 1401 991 Brief,

253 1013 309 1077 der
337 1013 395 1078 das
419 1014 541 1080 Datum
568 1018 658 1099 tr'agt
681 1013 748 1080 ‘Ex
771 1014 1013 1100 Wiesensteiga
1034 1014 1118 1080 VIII
1140 1014 1193 1079 die
1216 1013 1348 1080 Octobr.
1373 1037 1402 1080 a

255 1119 366 1204 1522',
389 1122 453 1185 und
477 1144 507 1205 p.
522 1121 629 1186 291ff.
653 1144 690 1185 so
714 1119 1020 1186 charalrteristische
1039 1121 1126 1186 Data
1149 1121 1231 1187 iiber
1245 1122 1402 1187 Werler’s

251 1227 362 1292 Leben
386 1228 523 1312 enthiilt,
546 1228 622 1292 dass
645 1227 697 1293 ich
722 1251 756 1292 es
775 1229 837 1292 mir
855 1227 947 1293 nicht
965 1229 1110 1293 erlassen
1129 1227 1210 1311 darf,
1233 1228 1402 1295 dieselben

253 1334 324 1400 hier
346 1335 496 1401 whrtlich
518 1335 797 1419 wiederaugeben,
829 1334 938 1398 indem
966 1334 1019 1399 ich
1048 1333 1196 1420 augleich
1224 1336 1403 1421 hequemer

252 1440 446 1506 Uebersicht
463 1441 578 1506 halber
592 1441 644 1505 die
663 1440 930 1526 belangreiohem
945 1440 1069 1506 Stellen
1088 1446 1239 1528 gosperrt
1257 1443 1402 1510 druolren

252 1550 346 1635 lasse,
368 1572 435 1614 was
459 1549 505 1614 sie
528 1546 689 1613 natiirlich
713 1547 757 1611 im
781 1545 929 1633 Original
952 1548 1045 1614 nicht
1067 1549 1148 1614 sind.

342 1785 358 1824 c
382 1813 531 1829 .....
558 1762 646 1848 Ego,
676 1763 704 1827 si
728 1763 809 1827 scire
833 1763 939 1846 cupis,
969 1763 1107 1828 alterum
1131 1764 1231 1830 ferme
1255 1789 1402 1832 mensem

253 1871 419 1981 qenationi
447 1872 494 1936 ita
517 1875 645 1935 strenue
673 1870 721 1935 fui
744 1870 886 1953 deditus,
919 1871 968 1936 ita
995 1871 1029 1934 iu
1058 1893 1154 1956 opere
1182 1873 1305 1958 alioqui
1333 1896 1403 1940 nou

201 2003 240 2041 ιω
253 1979 426 2043 iniucundo
450 1979 597 2061 detritus,
619 1983 657 2043 ut
679 2001 777 2063 quum
802 1978 948 2064 singulas
971 2001 1024 2042 res
1047 1979 1237 2064 dihgentius
1256 1985 1402 2047 contem-

252 2086 326 2169 plor
349 2107 542 2170 manumque
566 2084 656 2167 operi
679 2107 922 2169 nonnumquam
947 2085 1096 2168 adhibeo,
1119 2085 1241 2157 factum
1265 2091 1316 2152 est
1339 2085 1402 2174 (so)

253 2198 290 2258 ut
326 2196 461 2258 uenator
497 2193 559 2256 sim
596 2193 662 2256 iam
698 2214 799 2277 prope
836 2193 968 2257 modurn
1000 2192 1105 2257 bouus
1138 2197 1171 2258 et
1203 2215 1301 2278 eques
1332 2217 1401 2261 non

253 2301 387 2366 omnino
401 2301 570 2385 pessimun.
607 2299 707 2365 Rides
721 2304 758 2364 tu
777 2301 925 2385 fortasse,
948 2300 1023 2364 dum
1044 2322 1081 2365 ea
1101 2300 1193 2386 legis,
1216 2305 1251 2366 at
1268 2302 1401 2384 rideres,

253 2410 304 2471 sat
334 2409 414 2490 scio,
446 2410 549 2473 multo
580 2410 679 2474 etiam
710 2409 828 2494 magis,
861 2410 888 2473 si
919 2431 971 2474 me
999 2431 1082 2494 equo
1110 2408 1250 2493 impigre
1277 2412 1399 2475 terram

252 2514 386 2599 pedibus
414 2515 610 2581 concutienti
639 2516 847 2598 insidentem,
881 2537 1075 2599 ceruumque
1103 2516 1198 2599 pleno
1222 2538 1317 2582 cursu
1341 2540 1399 2601 per

252 2623 342 2686 inuia
364 2644 508 2708 quaeque
532 2623 755 2708 insequentem
779 2621 914 2687 uideres.
960 2621 1030 2697 Quo
1055 2621 1155 2685 animi
1179 2624 1272 2687 aestu
1295 2646 1399 2689 reue

252 2729 478 2793 rendissimi
512 2726 811 2814 Bambergensis
850 2729 1040 2793 ecclesiae
1077 2729 1169 2793 olim
1200 2731 1398 2814 praesulis

253 2840 413 2901 mortem
445 2836 650 2921 pertulerim,
678 2839 749 2900 tute
772 2857 823 2899 me
847 2836 945 2900 etiam
969 2839 1097 2900 tacente
1120 2837 1271 2921 consequi
1295 2842 1399 2921 potes.

252 2943 365 3028 ldram
389 2947 481 3007 tunc
499 2941 686 3024 Viennae,
708 2941 791 3006 nulli
815 2930 930 3026 minus,
953 2965 1051 3026 quam
1074 2941 1150 3007 huic
1173 2943 1220 3008 rei
1244 2944 1400 3029 intentus,

253 3052 338 3113 eece!
370 3049 507 3113 nuncius
537 3048 642 3130 adest,
674 3047 762 3111 illius
787 3052 925 3112 mortem
949 3054 982 3112 et
1004 3070 1075 3113 eam
1100 3048 1231 3133 quidem
1255 3072 1294 3114 ex
1317 3051 1398 3117 inci·

234 3157 342 3221 sione
365 3157 479 3221 uobis
503 3155 710 3241 significauit.
757 3155 826 3232 Quo
851 3156 906 3221 alii
931 3157 1039 3221 animo
1064 3155 1196 3239 fuerint,
1223 3156 1306 3223 nihil
1331 3180 1400 3224 mo

253 3284 330 3327 ueor
353 3285 423 3349 ego,
446 3264 491 3327 sit
513 3285 572 3347 per
595 3285 646 3327 me
670 3284 763 3327 suum
786 3263 899 3347 cuique
918 3263 1104 3347 pulchrum3
1128 3285 1178 3327 me
1198 3269 1284 3329 certe
1303 3269 1399 3332 tanto

253 3370 363 3435 dolore
388 3371 508 3455 affecit,
540 3373 577 3434 ut
604 3371 859 3436 consolationem
886 3370 954 3435 fere
978 3371 1102 3435 nullam
1126 3392 1230 3434 essem
1253 3372 1398 3457 aliquam

253 3478 307 3542 diu
331 3479 539 3544 admissurus.
586 3477 631 3542 Et
654 3478 732 3563 quid
755 3479 791 3542 ni
814 3477 972 3561 dolerem,
995 3476 1157 3541 Bilibalde
1182 3479 1250 3543 mi?
1284 3503 1397 3547 onera·

252 3591 345 3652 uerat
363 3587 417 3651 ille
436 3609 487 3650 me
506 3584 667 3670 quondam
692 3584 909 3651 immodicis
933 3585 1155 3670 promissis,
1179 3589 1220 3650 ut
1243 3584 1399 3671 Garolo,

252 3693 365 3757 illius
396 3716 439 3758 ex
470 3713 605 3757 sorore
634 3693 785 3775 nepoti,
814 3713 1040 3777 quocunque
1069 3692 1398 3774 proficisceretur

253 3800 471 3865 studiorum
500 3799 631 3885 gratia
655 3799 715 3863 uel
739 3799 916 3865 comitem
946 3799 1007 3863 uel
1031 3797 1161 3863 ducem
1184 3801 1317 3885 potius
1342 3825 1400 3867 me

252 3910 378 3993 ipsum
403 3906 635 3974 exhiberem.
675 3906 721 3971 Et
743 3904 878 3972 Carolus
902 3907 1048 3984 calcaria,
1071 3909 1108 3970 ut
1131 3907 1163 3971 id
1187 3927 1327 3992 agerem,
1351 3909 1397 3974 iu·

253 4019 417 4080 cesanter
431 4014 633 4079 admouebat
656 4013 886 4079 Reuocabar
908 4035 951 4078 ex
974 4013 1154 4096 Lipsensi
1174 4014 1398 4099 Academia,

252 4123 408 4208 parebam
439 4144 513 4187 uon
546 4122 626 4186 sine
659 4122 824 4186 maximo
858 4144 939 4187 meo
971 4121 1228 4204 incommodo,
1265 4123 1397 4187 iuterim

253 4255 330 4296 uero
354 4252 420 4294 nou
439 4229 542 4312 aliter,
566 4252 663 4314 quarn
677 4229 805 4295 Aeneas
825 4231 908 4294 alter
921 4228 1124 4314 Virgiliauus
1148 4234 1253 4293 terra
1276 4230 1397 4295 iacta·

251 4345 314 4405 tus
338 4343 375 4402 et
398 4337 488 4401 alto.
525 4336 608 4412 Quid
632 4337 720 4402 aliud
744 4340 920 4422 supererat,
943 4358 1041 4421 quam
1064 4341 1101 4401 ut
1120 4341 1288 4402 tantorum
1306 4337 1396 4402 labo·

253 4469 324 4514 rum
347 4446 488 4510 fructum
511 4448 544 4509 et
567 4466 639 4509 eum
664 4445 792 4530 quidem
815 4445 894 4510 mihi
913 4444 1107 4529 promissum
1125 4443 1320 4510 demeterem
1339 4445 1397 4510 ali·
