2932 5026
539 311 600 357 DIE
624 307 969 357 scnnrrrsrnbhnlrnl

365 455 431 520 *76
455 453 570 519 Libros
596 456 709 518 Aerior
731 452 882 516 Τοπικον.

365 560 432 626 *25
455 558 515 625 Do.
597 557 788 642 debingua
811 556 937 621 Latino.

388 669 432 734 *9
458 667 517 733 Do.
598 666 862 750 Disciplinarum.

387 777 433 842 *5
456 775 516 840 Do.
597 774 636 839 de
661 772 814 838 Sermone
838 770 967 836 Latino.

389 884 434 950 *5
457 883 517 948 Do.
600 879 813 959 Quesiionum
837 878 1113 943 Plautinanarunu

387 991 432 1055 *3
457 989 516 1055 Do.
598 987 783 1053 Annalium.

412 1099 432 1162 3
456 1097 516 1162 Do.
598 1096 637 1160 de
661 1094 794 1178 Origine
819 1092 955 1175 Linguae
979 1089 1114 1155 Latinae.

390 1204 434 1268 *3
457 1201 518 1268 Do.
599 1202 638 1266 de
662 1199 835 1265 Poematis.

415 1311 435 1376 3
459 1310 518 1374 Do.
600 1308 640 1372 de
663 1305 854 1391 Originibus
879 1303 1004 1370 Saeculi.
1127 1338 1128 1342 =

390 1417 434 1482 *3
458 1414 517 1481 Do.
599 1414 638 1478 de
662 1412 803 1479 Sconicis
830 1411 1031 1476 Acbiouibus.

417 1523 437 1587 3
460 1520 520 1586 Do.
602 1520 640 1586 de
664 1519 757 1585 Actis
782 1518 934 1585 Scenicis.

414 1629 434 1694 3
458 1627 517 1693 Do.
599 1628 637 1692 de
661 1626 951 1711 Descriptionibus.

390 1736 435 1800 *3
459 1735 519 1801 Do.
602 1735 640 1800 de
664 1734 868 1819 Propriebate
892 1733 1101 1818 Scriptorum.

390 1843 433 1907 *3
457 1841 518 1907 Do.
600 1840 639 1908 (19
663 1840 885 1913 Bibliobheois.

363 2002 366 2009 .
414 1950 435 2013 3
458 1949 519 2014 Do.
600 1950 638 2013 de
662 1948 879 2013 Lectionibus.

416 2057 436 2119 3
460 2055 520 2121 Do.
601 2056 640 2120 de
665 2054 883 2121 Similitudiue
907 2053 1100 2120 Verborum.

332 2195 337 2204 ·
415 2162 436 2226 3
460 2161 519 2226 Do.
601 2161 825 2248 Legationum.

416 2270 436 2332 3
463 2267 521 2334 Do.
603 2267 807 2334 Suasionum.

416 2377 436 2440 3
460 2374 520 2441 Do.
602 2375 641 2439 da
665 2373 829 2459 Pompeio.

396 2485 437 2547 10
462 2483 519 2547 Do.
603 2481 796 2566 Singulares.

391 2592 435 2655 *3
460 2589 519 2655 Do.
601 2589 640 2653 de
663 2587 824 2653 Personis.

398 2699 437 2761 15
461 2696 520 2760 Do.
603 2696 642 2759 de
665 2695 745 2760 Jure
769 2693 874 2759 Civili.

416 2805 436 2867 9
460 2806 620 2882 Επιτομην
644 2825 681 2865 ex
706 2802 800 2866 libris
823 2801 866 2865 45
891 2801 1145 2885 Antiquitatum.

416 2912 436 2974 9
460 2910 634 2993 Epitomen
658 2932 696 2972 ex
721 2909 814 2973 libris
841 2910 881 2971 15
905 2909 943 2972 (19
968 2908 1095 2993 Lingua
1119 2908 1242 2973 Latius.

416 3017 436 3078 9
462 3015 578 3079 Libros
605 3016 643 3078 de
667 3014 822 3097 Pincipiis
847 3015 1073 3080 Numerorum.

392 3121 435 3185 *3
458 3118 518 3184 Do.
601 3120 720 3184 Rerum
744 3120 960 3186 Rusiioorum.

421 3232 434 3292 1
461 3226 521 3292 00.
604 3227 642 3291 (19
666 3227 861 3292 Valetudine
883 3229 1012 3292 tuenda.

416 3336 436 3399 3
461 3335 520 3400 Do.
602 3334 641 3400 de
666 3335 842 3400 suavitate.

392 3444 435 3507 *3
459 3442 519 3508 Do.
602 3442 641 3507 (19
664 3443 782 3507 Forma
808 3442 1037 3526 Philosophiae.

415 3553 436 3614 3
459 3549 518 3615 Do.
601 3551 720 3615 Rerum
744 3549 960 3614 Urbanorum.

375 3658 437 3720 150
461 3656 521 3721 Do,
612 3656 803 3740 Satyrorum
828 3657 1073 3741 Menypparum

398 3763 438 3826 10
461 3761 521 3826 Do.
603 3762 802 3828 Poemaium.

396 3870 439 3932 22
463 3867 522 3932 Do
604 3869 805 3933 Oratiorrum.

416 3978 436 4039 6
460 3974 519 4040 Do.
602 3975 857 4062 Tragrodiarum.

415 4085 436 4145 4
463 4081 520 4146 Do.
602 4082 800 4168 Satyrorum.

187 4195 221 4255 91
248 4191 314 4254 alia
341 4190 435 4273 plura
457 4212 528 4274 quae
553 4212 741 4255 enumerare
765 4192 900 4276 longum
925 4199 984 4257 est.
1030 4192 1094 4257 Vix
1119 4193 1249 4257 medion

188 4299 302 4381 scripsi
331 4297 467 4361 invicem
496 4300 529 4360 91
552 4299 736 4383 legentibus
761 4299 930 4363 fastidium
955 4304 1014 4365 est.
1062 4300 1106 4364 At
1130 4302 1147 4362 e‘
1172 4304 1248 4364 cont

186 4409 300 4472 nostra
328 4404 436 4469 secula
464 4404 587 4470 habent
613 4406 758 4470 homines
788 4406 945 4491 eruditoS,
978 4408 1146 4492 sciuntque
1173 4406 1250 4490 piso
