<?xml version="1.0" encoding="UTF-8"?>
<!DOCTYPE html PUBLIC "-//W3C//DTD XHTML 1.0 Transitional//EN"
    "http://www.w3.org/TR/xhtml1/DTD/xhtml1-transitional.dtd">
<html xmlns="http://www.w3.org/1999/xhtml" xml:lang="en" lang="en">
 <head>
  <title>
</title>
<meta http-equiv="Content-Type" content="text/html;charset=utf-8" />
  <meta name='ocr-system' content='tesseract 3.04.00' />
  <meta name='ocr-capabilities' content='ocr_page ocr_carea ocr_par ocr_line ocrx_word'/>
</head>
<body>
  <div class='ocr_page' id='page_1' title='image "./fridericiritsch02ritsgoog_0294.png"; bbox 0 0 2932 5026; ppageno 0'>
   <div class='ocr_carea' id='block_1_1' title="bbox 572 280 1358 379">
    <p class='ocr_par' dir='ltr' id='par_1_1' title="bbox 572 280 1358 379">
     <span class='ocr_line' id='line_1_1' title="bbox 572 280 1358 379; baseline 0.006 -4"><span class='ocrx_word' id='word_1_1' title='bbox 572 324 854 375; x_wconf 75' lang='lat' dir='ltr'><strong>comsumrvs.</strong></span> <span class='ocrx_word' id='word_1_2' title='bbox 1217 310 1285 379; x_wconf 78' lang='lat'><strong>263</strong></span> <span class='ocrx_word' id='word_1_3' title='bbox 1345 280 1358 301; x_wconf 61' lang='lat'><strong>⁹</strong></span> 
     </span>
    </p>
   </div>
   <div class='ocr_carea' id='block_1_2' title="bbox 96 465 1373 3222">
    <p class='ocr_par' dir='ltr' id='par_1_2' title="bbox 111 465 1285 1621">
     <span class='ocr_line' id='line_1_2' title="bbox 111 465 1285 561; baseline 0.001 -24"><span class='ocrx_word' id='word_1_4' title='bbox 111 550 116 561; x_wconf 38' lang='grc' dir='ltr'>Ι</span> <span class='ocrx_word' id='word_1_5' title='bbox 178 470 277 537; x_wconf 60' lang='lat' dir='ltr'><strong>m</strong></span> <span class='ocrx_word' id='word_1_6' title='bbox 291 488 353 537; x_wconf 77' lang='lat' dir='ltr'><strong>ses</strong></span> <span class='ocrx_word' id='word_1_7' title='bbox 366 466 493 535; x_wconf 81' lang='lat' dir='ltr'><strong>dicetis</strong></span> <span class='ocrx_word' id='word_1_8' title='bbox 512 468 689 553; x_wconf 68' lang='lat' dir='ltr'><strong>pampinos</strong></span> <span class='ocrx_word' id='word_1_9' title='bbox 701 465 751 555; x_wconf 91' lang='lat' dir='ltr'><strong>(id</strong></span> <span class='ocrx_word' id='word_1_10' title='bbox 764 467 851 555; x_wconf 85' lang='lat' dir='ltr'><strong>quod</strong></span> <span class='ocrx_word' id='word_1_11' title='bbox 864 467 1025 535; x_wconf 72' lang='lat' dir='ltr'><strong>suadebat</strong></span> <span class='ocrx_word' id='word_1_12' title='bbox 1037 468 1285 559; x_wconf 82' lang='lat' dir='ltr'><strong>Buechelerus)=</strong></span> 
     </span>
     <span class='ocr_line' id='line_1_3' title="bbox 181 558 1284 663; baseline 0 -20"><span class='ocrx_word' id='word_1_13' title='bbox 181 598 239 663; x_wconf 75' lang='lat' dir='ltr'><strong>quse</strong></span> <span class='ocrx_word' id='word_1_14' title='bbox 258 574 337 643; x_wconf 81' lang='lat' dir='ltr'><strong>mim</strong></span> <span class='ocrx_word' id='word_1_15' title='bbox 362 573 585 641; x_wconf 83' lang='lat' dir='ltr'><strong>insolentioris</strong></span> <span class='ocrx_word' id='word_1_16' title='bbox 607 595 687 641; x_wconf 84' lang='lat' dir='ltr'><strong>sane</strong></span> <span class='ocrx_word' id='word_1_17' title='bbox 708 558 945 641; x_wconf 84' lang='lat' dir='ltr'><strong>conlocationis</strong></span> <span class='ocrx_word' id='word_1_18' title='bbox 966 575 1117 661; x_wconf 73' lang='lat' dir='ltr'><strong>exempla</strong></span> <span class='ocrx_word' id='word_1_19' title='bbox 1137 574 1284 645; x_wconf 80' lang='lat' dir='ltr'><strong>Nsekius</strong></span> 
     </span>
     <span class='ocr_line' id='line_1_4' title="bbox 180 678 1285 769; baseline -0.001 -18"><span class='ocrx_word' id='word_1_20' title='bbox 180 682 296 751; x_wconf 58' lang='grc' dir='ltr'><strong>Μή</strong></span> <span class='ocrx_word' id='word_1_21' title='bbox 314 682 351 749; x_wconf 88' lang='lat' dir='ltr'><strong>iu</strong></span> <span class='ocrx_word' id='word_1_22' title='bbox 367 678 478 749; x_wconf 77' lang='lat' dir='ltr'><strong>Valet.</strong></span> <span class='ocrx_word' id='word_1_23' title='bbox 499 678 572 749; x_wconf 74' lang='lat' dir='ltr'><strong>cas</strong></span> <span class='ocrx_word' id='word_1_24' title='bbox 594 703 625 766; x_wconf 88' lang='lat' dir='ltr'><strong>p.</strong></span> <span class='ocrx_word' id='word_1_25' title='bbox 646 680 714 747; x_wconf 77' lang='lat'><strong>295</strong></span> <span class='ocrx_word' id='word_1_26' title='bbox 728 702 785 767; x_wconf 63' lang='lat' dir='ltr'><strong>sq„</strong></span> <span class='ocrx_word' id='word_1_27' title='bbox 807 680 918 749; x_wconf 81' lang='lat' dir='ltr'><strong>aliena</strong></span> <span class='ocrx_word' id='word_1_28' title='bbox 939 682 991 749; x_wconf 85' lang='lat' dir='ltr'><strong>rel</strong></span> <span class='ocrx_word' id='word_1_29' title='bbox 1011 685 1187 769; x_wconf 85' lang='lat' dir='ltr'><strong>propterca</strong></span> <span class='ocrx_word' id='word_1_30' title='bbox 1208 686 1285 750; x_wconf 90' lang='lat' dir='ltr'><strong>sunt</strong></span> 
     </span>
     <span class='ocr_line' id='line_1_5' title="bbox 181 772 1284 875; baseline -0.002 -18"><span class='ocrx_word' id='word_1_31' title='bbox 181 788 240 875; x_wconf 72' lang='lat' dir='ltr'><strong>quot</strong></span> <span class='ocrx_word' id='word_1_32' title='bbox 255 788 324 857; x_wconf 81' lang='lat' dir='ltr'><strong>lslir</strong></span> <span class='ocrx_word' id='word_1_33' title='bbox 343 788 477 857; x_wconf 74' lang='lat' dir='ltr'><strong>Rcends</strong></span> <span class='ocrx_word' id='word_1_34' title='bbox 497 790 669 875; x_wconf 78' lang='lat' dir='ltr'><strong>poetarum</strong></span> <span class='ocrx_word' id='word_1_35' title='bbox 696 808 762 854; x_wconf 93' lang='lat' dir='ltr'><strong>non</strong></span> <span class='ocrx_word' id='word_1_36' title='bbox 785 786 874 853; x_wconf 84' lang='lat' dir='ltr'><strong>cedit</strong></span> <span class='ocrx_word' id='word_1_37' title='bbox 895 787 930 853; x_wconf 90' lang='lat' dir='ltr'><strong>in</strong></span> <span class='ocrx_word' id='word_1_38' title='bbox 950 772 1014 855; x_wconf 86' lang='lat' dir='ltr'><strong>lroc</strong></span> <span class='ocrx_word' id='word_1_39' title='bbox 1035 809 1138 875; x_wconf 79' lang='lat' dir='ltr'><strong>genus</strong></span> <span class='ocrx_word' id='word_1_40' title='bbox 1160 790 1284 857; x_wconf 58' lang='lat' dir='ltr'><strong>sereni*</strong></span> 
     </span>
     <span class='ocr_line' id='line_1_6' title="bbox 181 893 1282 983; baseline 0 -20"><span class='ocrx_word' id='word_1_41' title='bbox 181 916 238 963; x_wconf 81' lang='lat' dir='ltr'><strong>urs</strong></span> <span class='ocrx_word' id='word_1_42' title='bbox 262 893 404 983; x_wconf 77' lang='lat' dir='ltr'><strong>limique</strong></span> <span class='ocrx_word' id='word_1_43' title='bbox 425 916 445 963; x_wconf 88' lang='lat' dir='ltr'><strong>e</strong></span> <span class='ocrx_word' id='word_1_44' title='bbox 465 894 570 963; x_wconf 81' lang='lat' dir='ltr'><strong>dicens</strong></span> <span class='ocrx_word' id='word_1_45' title='bbox 591 894 753 979; x_wconf 86' lang='lat' dir='ltr'><strong>scripturo</strong></span> <span class='ocrx_word' id='word_1_46' title='bbox 774 916 841 961; x_wconf 91' lang='lat' dir='ltr'><strong>non</strong></span> <span class='ocrx_word' id='word_1_47' title='bbox 863 894 971 961; x_wconf 89' lang='lat' dir='ltr'><strong>minus</strong></span> <span class='ocrx_word' id='word_1_48' title='bbox 993 895 1162 963; x_wconf 89' lang='lat' dir='ltr'><strong>commode</strong></span> <span class='ocrx_word' id='word_1_49' title='bbox 1184 916 1282 982; x_wconf 81' lang='lat' dir='ltr'><strong>quum</strong></span> 
     </span>
     <span class='ocr_line' id='line_1_7' title="bbox 180 999 1283 1087; baseline 0.001 -18"><span class='ocrx_word' id='word_1_50' title='bbox 180 1000 240 1069; x_wconf 64' lang='grc' dir='ltr'><strong>ἕω</strong></span> <span class='ocrx_word' id='word_1_51' title='bbox 250 1002 309 1069; x_wconf 82' lang='lat' dir='ltr'><strong>croi</strong></span> <span class='ocrx_word' id='word_1_52' title='bbox 323 1002 427 1069; x_wconf 65' lang='lat' dir='ltr'><strong>m</strong></span> <span class='ocrx_word' id='word_1_53' title='bbox 438 1000 635 1069; x_wconf 65' lang='lat' dir='ltr'><strong>thbeclrius</strong></span> <span class='ocrx_word' id='word_1_54' title='bbox 653 1000 781 1068; x_wconf 89' lang='lat' dir='ltr'><strong>monuit</strong></span> <span class='ocrx_word' id='word_1_55' title='bbox 798 1000 977 1087; x_wconf 82' lang='lat' dir='ltr'><strong>verissime,</strong></span> <span class='ocrx_word' id='word_1_56' title='bbox 999 999 1034 1067; x_wconf 92' lang='lat' dir='ltr'><strong>id</strong></span> <span class='ocrx_word' id='word_1_57' title='bbox 1056 1006 1166 1068; x_wconf 85' lang='lat' dir='ltr'><strong>autem</strong></span> <span class='ocrx_word' id='word_1_58' title='bbox 1188 1006 1283 1071; x_wconf 84' lang='lat' dir='ltr'><strong>acute</strong></span> 
     </span>
     <span class='ocr_line' id='line_1_8' title="bbox 181 1106 1282 1195; baseline 0.002 -22"><span class='ocrx_word' id='word_1_59' title='bbox 181 1106 237 1173; x_wconf 83' lang='lat' dir='ltr'><strong>silit</strong></span> <span class='ocrx_word' id='word_1_60' title='bbox 250 1112 388 1195; x_wconf 72' lang='lat' dir='ltr'><strong>pactum</strong></span> <span class='ocrx_word' id='word_1_61' title='bbox 409 1107 451 1175; x_wconf 86' lang='lat' dir='ltr'><strong>ad</strong></span> <span class='ocrx_word' id='word_1_62' title='bbox 473 1106 678 1175; x_wconf 72' lang='lat' dir='ltr'><strong>adversanos</strong></span> <span class='ocrx_word' id='word_1_63' title='bbox 701 1110 736 1173; x_wconf 88' lang='lat' dir='ltr'><strong>et</strong></span> <span class='ocrx_word' id='word_1_64' title='bbox 761 1106 999 1183; x_wconf 70' lang='lat' dir='ltr'><strong>obtrectatores</strong></span> <span class='ocrx_word' id='word_1_65' title='bbox 1025 1128 1137 1195; x_wconf 85' lang='lat' dir='ltr'><strong>posse,</strong></span> <span class='ocrx_word' id='word_1_66' title='bbox 1163 1108 1282 1195; x_wconf 88' lang='lat' dir='ltr'><strong>quibus</strong></span> 
     </span>
     <span class='ocr_line' id='line_1_9' title="bbox 180 1210 1282 1303; baseline 0.003 -24"><span class='ocrx_word' id='word_1_67' title='bbox 180 1210 330 1303; x_wconf 77' lang='lat' dir='ltr'><strong>irprclopo</strong></span> <span class='ocrx_word' id='word_1_68' title='bbox 350 1214 419 1281; x_wconf 84' lang='lat' dir='ltr'><strong>isto</strong></span> <span class='ocrx_word' id='word_1_69' title='bbox 431 1212 587 1281; x_wconf 75' lang='lat' dir='ltr'><strong>Afranius</strong></span> <span class='ocrx_word' id='word_1_70' title='bbox 604 1212 811 1299; x_wconf 83' lang='lat' dir='ltr'><strong>respondisse</strong></span> <span class='ocrx_word' id='word_1_71' title='bbox 829 1211 994 1279; x_wconf 78' lang='lat' dir='ltr'><strong>rideretur</strong></span> <span class='ocrx_word' id='word_1_72' title='bbox 1015 1214 1167 1281; x_wconf 85' lang='lat' dir='ltr'><strong>similitor</strong></span> <span class='ocrx_word' id='word_1_73' title='bbox 1184 1218 1282 1301; x_wconf 83' lang='lat' dir='ltr'><strong>atquo</strong></span> 
     </span>
     <span class='ocr_line' id='line_1_10' title="bbox 180 1316 1282 1407; baseline 0 -18"><span class='ocrx_word' id='word_1_74' title='bbox 180 1316 262 1389; x_wconf 72' lang='lat' dir='ltr'><strong>ludo</strong></span> <span class='ocrx_word' id='word_1_75' title='bbox 277 1318 447 1389; x_wconf 68' lang='lat' dir='ltr'><strong>lanuvino</strong></span> <span class='ocrx_word' id='word_1_76' title='bbox 468 1318 651 1387; x_wconf 78' lang='lat' dir='ltr'><strong>Terentius.</strong></span> <span class='ocrx_word' id='word_1_77' title='bbox 686 1318 814 1387; x_wconf 87' lang='lat' dir='ltr'><strong>Harum</strong></span> <span class='ocrx_word' id='word_1_78' title='bbox 835 1320 939 1407; x_wconf 78' lang='lat' dir='ltr'><strong>igitur</strong></span> <span class='ocrx_word' id='word_1_79' title='bbox 960 1320 1136 1387; x_wconf 84' lang='lat' dir='ltr'><strong>coniuncta</strong></span> <span class='ocrx_word' id='word_1_80' title='bbox 1158 1322 1207 1389; x_wconf 84' lang='lat' dir='ltr'><strong>ris</strong></span> <span class='ocrx_word' id='word_1_81' title='bbox 1229 1343 1282 1390; x_wconf 89' lang='lat' dir='ltr'><strong>co·</strong></span> 
     </span>
     <span class='ocr_line' id='line_1_11' title="bbox 179 1422 1282 1515; baseline 0.002 -22"><span class='ocrx_word' id='word_1_82' title='bbox 179 1422 333 1509; x_wconf 73' lang='lat' dir='ltr'><strong>p&#39;tlinnmn</strong></span> <span class='ocrx_word' id='word_1_83' title='bbox 353 1446 422 1495; x_wconf 91' lang='lat' dir='ltr'><strong>non</strong></span> <span class='ocrx_word' id='word_1_84' title='bbox 443 1426 553 1513; x_wconf 89' lang='lat' dir='ltr'><strong>potnit</strong></span> <span class='ocrx_word' id='word_1_85' title='bbox 574 1447 627 1494; x_wconf 89' lang='lat' dir='ltr'><strong>mo</strong></span> <span class='ocrx_word' id='word_1_86' title='bbox 643 1446 712 1493; x_wconf 89' lang='lat' dir='ltr'><strong>non</strong></span> <span class='ocrx_word' id='word_1_87' title='bbox 729 1447 861 1493; x_wconf 87' lang='lat' dir='ltr'><strong>morere</strong></span> <span class='ocrx_word' id='word_1_88' title='bbox 874 1426 953 1514; x_wconf 86' lang='lat' dir='ltr'><strong>quin</strong></span> <span class='ocrx_word' id='word_1_89' title='bbox 966 1426 1170 1513; x_wconf 71' lang='lat' dir='ltr'><strong>probabilius</strong></span> <span class='ocrx_word' id='word_1_90' title='bbox 1183 1450 1282 1515; x_wconf 87' lang='lat' dir='ltr'><strong>quam</strong></span> 
     </span>
     <span class='ocr_line' id='line_1_12' title="bbox 179 1528 1281 1621; baseline 0.005 -24"><span class='ocrx_word' id='word_1_91' title='bbox 179 1528 232 1597; x_wconf 86' lang='lat' dir='ltr'><strong>din</strong></span> <span class='ocrx_word' id='word_1_92' title='bbox 251 1532 369 1601; x_wconf 71' lang='lat' dir='ltr'><strong>hoium</strong></span> <span class='ocrx_word' id='word_1_93' title='bbox 397 1534 449 1599; x_wconf 88' lang='lat' dir='ltr'><strong>est</strong></span> <span class='ocrx_word' id='word_1_94' title='bbox 476 1536 595 1619; x_wconf 82' lang='lat' dir='ltr'><strong>poetae</strong></span> <span class='ocrx_word' id='word_1_95' title='bbox 622 1554 757 1601; x_wconf 81' lang='lat' dir='ltr'><strong>menum</strong></span> <span class='ocrx_word' id='word_1_96' title='bbox 785 1534 849 1601; x_wconf 90' lang='lat' dir='ltr'><strong>hoc</strong></span> <span class='ocrx_word' id='word_1_97' title='bbox 875 1534 1025 1621; x_wconf 85' lang='lat' dir='ltr'><strong>exemplo</strong></span> <span class='ocrx_word' id='word_1_98' title='bbox 1050 1533 1179 1601; x_wconf 88' lang='lat' dir='ltr'><strong>restitui</strong></span> <span class='ocrx_word' id='word_1_99' title='bbox 1206 1558 1281 1603; x_wconf 90' lang='lat' dir='ltr'><strong>con·</strong></span> 
     </span>
    </p>

    <p class='ocr_par' dir='ltr' id='par_1_3' title="bbox 177 1744 1373 1941">
     <span class='ocr_line' id='line_1_13' title="bbox 296 1744 1373 1831; baseline 0.005 -19"><span class='ocrx_word' id='word_1_100' title='bbox 296 1744 423 1813; x_wconf 65' lang='lat' dir='ltr'><strong>m</strong></span> <span class='ocrx_word' id='word_1_101' title='bbox 441 1764 578 1811; x_wconf 74' lang='lat' dir='ltr'><strong>namne</strong></span> <span class='ocrx_word' id='word_1_102' title='bbox 596 1744 732 1811; x_wconf 62' lang='lat' dir='ltr'><strong>endem</strong></span> <span class='ocrx_word' id='word_1_103' title='bbox 752 1746 862 1813; x_wconf 82' lang='lat' dir='ltr'><strong>dicent</strong></span> <span class='ocrx_word' id='word_1_104' title='bbox 881 1746 1081 1831; x_wconf 61' lang='lat' dir='ltr'><strong>qnempiam</strong></span> <span class='ocrx_word' id='word_1_105' title='bbox 1367 1806 1373 1817; x_wconf 92' lang='lat'><strong>.</strong></span> 
     </span>
     <span class='ocr_line' id='line_1_14' title="bbox 177 1848 1282 1941; baseline 0.002 -22"><span class='ocrx_word' id='word_1_106' title='bbox 177 1848 220 1919; x_wconf 82' lang='lat' dir='ltr'><strong>lli</strong></span> <span class='ocrx_word' id='word_1_107' title='bbox 264 1852 318 1941; x_wconf 81' lang='lat' dir='ltr'><strong>qui</strong></span> <span class='ocrx_word' id='word_1_108' title='bbox 330 1872 486 1919; x_wconf 70' lang='lat' dir='ltr'><strong>mmm</strong></span> <span class='ocrx_word' id='word_1_109' title='bbox 496 1852 720 1939; x_wconf 66' lang='lat' dir='ltr'><strong>praetulerint,</strong></span> <span class='ocrx_word' id='word_1_110' title='bbox 737 1856 851 1939; x_wconf 85' lang='lat' dir='ltr'><strong>opture</strong></span> <span class='ocrx_word' id='word_1_111' title='bbox 869 1875 929 1919; x_wconf 90' lang='lat' dir='ltr'><strong>suo</strong></span> <span class='ocrx_word' id='word_1_112' title='bbox 943 1853 1105 1921; x_wconf 84' lang='lat' dir='ltr'><strong>arbitratu</strong></span> <span class='ocrx_word' id='word_1_113' title='bbox 1117 1859 1282 1940; x_wconf 76' lang='lat' dir='ltr'><strong>potenmt.</strong></span> 
     </span>
    </p>

    <p class='ocr_par' dir='ltr' id='par_1_4' title="bbox 96 1956 1282 3222">
     <span class='ocr_line' id='line_1_15' title="bbox 232 1956 1282 2047; baseline 0.001 -20"><span class='ocrx_word' id='word_1_114' title='bbox 232 1956 301 2045; x_wconf 62' lang='grc' dir='ltr'><em>Μ</em></span> <span class='ocrx_word' id='word_1_115' title='bbox 313 1960 408 2035; x_wconf 68' lang='lat' dir='ltr'><strong>nur</strong></span> <span class='ocrx_word' id='word_1_116' title='bbox 428 1980 489 2047; x_wconf 90' lang='lat' dir='ltr'><strong>pro</strong></span> <span class='ocrx_word' id='word_1_117' title='bbox 511 1959 547 2025; x_wconf 77' lang='lat' dir='ltr'><strong>is</strong></span> <span class='ocrx_word' id='word_1_118' title='bbox 559 1958 691 2027; x_wconf 61' lang='lat' dir='ltr'><strong>Idmone</strong></span> <span class='ocrx_word' id='word_1_119' title='bbox 712 1980 810 2047; x_wconf 79' lang='lat' dir='ltr'><strong>segre</strong></span> <span class='ocrx_word' id='word_1_120' title='bbox 831 1959 1024 2047; x_wconf 72' lang='lat' dir='ltr'><strong>perspicitur</strong></span> <span class='ocrx_word' id='word_1_121' title='bbox 1046 1959 1124 2047; x_wconf 86' lang='lat' dir='ltr'><strong>quid</strong></span> <span class='ocrx_word' id='word_1_122' title='bbox 1141 1962 1282 2029; x_wconf 81' lang='lat' dir='ltr'><strong>moverit</strong></span> 
     </span>
     <span class='ocr_line' id='line_1_16' title="bbox 173 2060 1281 2153; baseline -0.002 -18"><span class='ocrx_word' id='word_1_123' title='bbox 173 2060 316 2135; x_wconf 78' lang='lat' dir='ltr'><strong>lctsrtmn</strong></span> <span class='ocrx_word' id='word_1_124' title='bbox 346 2064 517 2153; x_wconf 76' lang='lat' dir='ltr'><strong>Vngerum</strong></span> <span class='ocrx_word' id='word_1_125' title='bbox 552 2070 590 2133; x_wconf 90' lang='lat' dir='ltr'><strong>ut</strong></span> <span class='ocrx_word' id='word_1_126' title='bbox 625 2064 678 2133; x_wconf 84' lang='lat' dir='ltr'><strong>‘in</strong></span> <span class='ocrx_word' id='word_1_127' title='bbox 711 2064 812 2133; x_wconf 69' lang='lat' dir='ltr'><strong>Inno&#39;</strong></span> <span class='ocrx_word' id='word_1_128' title='bbox 848 2066 1000 2133; x_wconf 76' lang='lat' dir='ltr'><strong>suaderet</strong></span> <span class='ocrx_word' id='word_1_129' title='bbox 1035 2064 1281 2133; x_wconf 82' lang='lat' dir='ltr'><strong>Subsicirorum</strong></span> 
     </span>
     <span class='ocr_line' id='line_1_17' title="bbox 173 2166 1280 2261; baseline -0.003 -18"><span class='ocrx_word' id='word_1_130' title='bbox 173 2166 384 2261; x_wconf 74' lang='lat' dir='ltr'><strong>lrmdenbnrgi</strong></span> <span class='ocrx_word' id='word_1_131' title='bbox 410 2170 498 2239; x_wconf 78' lang='lat' dir='ltr'><strong>Nori</strong></span> <span class='ocrx_word' id='word_1_132' title='bbox 525 2174 665 2241; x_wconf 61' lang='lat'>21854</span> <span class='ocrx_word' id='word_1_133' title='bbox 692 2172 853 2241; x_wconf 89' lang='lat' dir='ltr'><strong>editorum</strong></span> <span class='ocrx_word' id='word_1_134' title='bbox 879 2196 911 2259; x_wconf 92' lang='lat' dir='ltr'><strong>p.</strong></span> <span class='ocrx_word' id='word_1_135' title='bbox 933 2172 970 2239; x_wconf 81' lang='lat'><strong>3:</strong></span> <span class='ocrx_word' id='word_1_136' title='bbox 1001 2172 1206 2239; x_wconf 84' lang='lat' dir='ltr'><strong>coniectandi</strong></span> <span class='ocrx_word' id='word_1_137' title='bbox 1229 2174 1280 2241; x_wconf 84' lang='lat' dir='ltr'><strong>rel</strong></span> 
     </span>
     <span class='ocr_line' id='line_1_18' title="bbox 169 2278 1280 2367; baseline -0.002 -20"><span class='ocrx_word' id='word_1_138' title='bbox 169 2278 248 2361; x_wconf 72' lang='lat' dir='ltr'><strong>pn·</strong></span> <span class='ocrx_word' id='word_1_139' title='bbox 266 2278 448 2347; x_wconf 68' lang='lat' dir='ltr'><strong>hariolandi</strong></span> <span class='ocrx_word' id='word_1_140' title='bbox 469 2300 598 2367; x_wconf 76' lang='lat' dir='ltr'><strong>genere,</strong></span> <span class='ocrx_word' id='word_1_141' title='bbox 619 2283 658 2347; x_wconf 94' lang='lat' dir='ltr'><strong>ut</strong></span> <span class='ocrx_word' id='word_1_142' title='bbox 678 2279 775 2347; x_wconf 89' lang='lat' dir='ltr'><strong>nobis</strong></span> <span class='ocrx_word' id='word_1_143' title='bbox 797 2278 933 2365; x_wconf 87' lang='lat' dir='ltr'><strong>ridetur,</strong></span> <span class='ocrx_word' id='word_1_144' title='bbox 955 2280 1047 2347; x_wconf 82' lang='lat' dir='ltr'><strong>valde</strong></span> <span class='ocrx_word' id='word_1_145' title='bbox 1069 2278 1280 2347; x_wconf 83' lang='lat' dir='ltr'><strong>infructuoso.</strong></span> 
     </span>
     <span class='ocr_line' id='line_1_19' title="bbox 168 2380 1280 2471; baseline -0.002 -16"><span class='ocrx_word' id='word_1_146' title='bbox 168 2380 242 2461; x_wconf 69' lang='grc' dir='ltr'><strong>ΟΜ</strong></span> <span class='ocrx_word' id='word_1_147' title='bbox 265 2386 353 2455; x_wconf 84' lang='lat' dir='ltr'><strong>enim</strong></span> <span class='ocrx_word' id='word_1_148' title='bbox 375 2384 541 2453; x_wconf 83' lang='lat' dir='ltr'><strong>veteribus</strong></span> <span class='ocrx_word' id='word_1_149' title='bbox 568 2385 627 2453; x_wconf 76' lang='lat' dir='ltr'><strong>ills</strong></span> <span class='ocrx_word' id='word_1_150' title='bbox 647 2386 721 2471; x_wconf 86' lang='lat' dir='ltr'><strong>ipso</strong></span> <span class='ocrx_word' id='word_1_151' title='bbox 742 2384 913 2470; x_wconf 74' lang='lat' dir='ltr'><strong>inscriptio</strong></span> <span class='ocrx_word' id='word_1_152' title='bbox 936 2384 1158 2453; x_wconf 86' lang='lat' dir='ltr'><strong>miscellorum</strong></span> <span class='ocrx_word' id='word_1_153' title='bbox 1180 2385 1280 2453; x_wconf 88' lang='lat' dir='ltr'><strong>libro·</strong></span> 
     </span>
     <span class='ocr_line' id='line_1_20' title="bbox 96 2489 1280 2581; baseline -0.002 -22"><span class='ocrx_word' id='word_1_154' title='bbox 96 2512 99 2543; x_wconf 61' lang='lat'><em>³</em></span> <span class='ocrx_word' id='word_1_155' title='bbox 165 2512 217 2559; x_wconf 87' lang='lat' dir='ltr'><strong>rm</strong></span> <span class='ocrx_word' id='word_1_156' title='bbox 232 2494 391 2581; x_wconf 71' lang='lat' dir='ltr'><strong>placuerit</strong></span> <span class='ocrx_word' id='word_1_157' title='bbox 412 2514 495 2579; x_wconf 85' lang='lat' dir='ltr'><strong>quus</strong></span> <span class='ocrx_word' id='word_1_158' title='bbox 516 2492 569 2560; x_wconf 86' lang='lat' dir='ltr'><strong>rel</strong></span> <span class='ocrx_word' id='word_1_159' title='bbox 583 2492 708 2573; x_wconf 83' lang='grc' dir='ltr'>Λειμών</span> <span class='ocrx_word' id='word_1_160' title='bbox 729 2492 794 2558; x_wconf 84' lang='lat' dir='ltr'><strong>fuit</strong></span> <span class='ocrx_word' id='word_1_161' title='bbox 811 2492 863 2557; x_wconf 82' lang='lat' dir='ltr'><strong>rel</strong></span> <span class='ocrx_word' id='word_1_162' title='bbox 877 2492 1037 2573; x_wconf 68' lang='lat' dir='ltr'><strong>desumus(</strong></span> <span class='ocrx_word' id='word_1_163' title='bbox 1053 2490 1107 2557; x_wconf 86' lang='lat' dir='ltr'><strong>rel</strong></span> <span class='ocrx_word' id='word_1_164' title='bbox 1121 2489 1280 2559; x_wconf 80' lang='lat' dir='ltr'><strong>‘Pratum&#39;</strong></span> 
     </span>
     <span class='ocr_line' id='line_1_21' title="bbox 165 2596 1279 2686; baseline 0.004 -26"><span class='ocrx_word' id='word_1_165' title='bbox 165 2598 199 2663; x_wconf 88' lang='lat' dir='ltr'><strong>rel</strong></span> <span class='ocrx_word' id='word_1_166' title='bbox 217 2598 350 2686; x_wconf 79' lang='lat' dir='ltr'><strong>‘Prutn&#39;,</strong></span> <span class='ocrx_word' id='word_1_167' title='bbox 382 2605 434 2667; x_wconf 91' lang='lat' dir='ltr'><strong>sat</strong></span> <span class='ocrx_word' id='word_1_168' title='bbox 461 2600 559 2667; x_wconf 86' lang='lat' dir='ltr'><strong>certis</strong></span> <span class='ocrx_word' id='word_1_169' title='bbox 586 2599 783 2665; x_wconf 76' lang='lat' dir='ltr'><strong>testimoniis</strong></span> <span class='ocrx_word' id='word_1_170' title='bbox 811 2620 884 2664; x_wconf 90' lang='lat' dir='ltr'><strong>cum</strong></span> <span class='ocrx_word' id='word_1_171' title='bbox 907 2596 1006 2664; x_wconf 85' lang='lat' dir='ltr'><strong>Gellii</strong></span> <span class='ocrx_word' id='word_1_172' title='bbox 1029 2601 1101 2663; x_wconf 89' lang='lat' dir='ltr'><strong>tum</strong></span> <span class='ocrx_word' id='word_1_173' title='bbox 1123 2598 1223 2665; x_wconf 91' lang='lat' dir='ltr'><strong>Plinii</strong></span> <span class='ocrx_word' id='word_1_174' title='bbox 1246 2600 1279 2665; x_wconf 92' lang='lat' dir='ltr'><strong>in</strong></span> 
     </span>
     <span class='ocr_line' id='line_1_22' title="bbox 161 2704 1278 2790; baseline -0.004 -16"><span class='ocrx_word' id='word_1_175' title='bbox 161 2706 407 2788; x_wconf 71' lang='lat' dir='ltr'><strong>praefationibus,</strong></span> <span class='ocrx_word' id='word_1_176' title='bbox 435 2704 553 2773; x_wconf 87' lang='lat' dir='ltr'><strong>Suidee</strong></span> <span class='ocrx_word' id='word_1_177' title='bbox 577 2728 605 2771; x_wconf 88' lang='lat' dir='ltr'><strong>v.</strong></span> <span class='ocrx_word' id='word_1_178' title='bbox 627 2706 813 2790; x_wconf 70' lang='grc' dir='ltr'>Πάμφιλος,</span> <span class='ocrx_word' id='word_1_179' title='bbox 841 2705 1008 2790; x_wconf 83' lang='lat' dir='ltr'><strong>ipsiusque</strong></span> <span class='ocrx_word' id='word_1_180' title='bbox 1031 2705 1178 2790; x_wconf 84' lang='lat' dir='ltr'><strong>exemplo</strong></span> <span class='ocrx_word' id='word_1_181' title='bbox 1203 2704 1278 2771; x_wconf 88' lang='lat' dir='ltr'><strong>Suc-</strong></span> 
     </span>
     <span class='ocr_line' id='line_1_23' title="bbox 159 2811 1278 2897; baseline 0.002 -22"><span class='ocrx_word' id='word_1_182' title='bbox 159 2815 221 2879; x_wconf 83' lang='lat' dir='ltr'><strong>tonii</strong></span> <span class='ocrx_word' id='word_1_183' title='bbox 251 2818 394 2881; x_wconf 86' lang='lat' dir='ltr'><strong>constat:</strong></span> <span class='ocrx_word' id='word_1_184' title='bbox 431 2836 491 2879; x_wconf 90' lang='lat' dir='ltr'><strong>nec</strong></span> <span class='ocrx_word' id='word_1_185' title='bbox 523 2837 540 2877; x_wconf 87' lang='lat' dir='ltr'><strong>o</strong></span> <span class='ocrx_word' id='word_1_186' title='bbox 572 2812 729 2878; x_wconf 88' lang='lat' dir='ltr'><strong>Plinianis</strong></span> <span class='ocrx_word' id='word_1_187' title='bbox 758 2811 957 2877; x_wconf 85' lang='lat' dir='ltr'><strong>Gellianisrc</strong></span> <span class='ocrx_word' id='word_1_188' title='bbox 990 2812 1096 2877; x_wconf 86' lang='lat' dir='ltr'><strong>verbis</strong></span> <span class='ocrx_word' id='word_1_189' title='bbox 1128 2812 1162 2877; x_wconf 89' lang='lat' dir='ltr'><strong>id</strong></span> <span class='ocrx_word' id='word_1_190' title='bbox 1194 2813 1278 2897; x_wconf 90' lang='lat' dir='ltr'><strong>quod</strong></span> 
     </span>
     <span class='ocr_line' id='line_1_24' title="bbox 157 2916 1278 3008; baseline 0.003 -26"><span class='ocrx_word' id='word_1_191' title='bbox 157 2917 284 3008; x_wconf 78' lang='lat' dir='ltr'><strong>lngerus</strong></span> <span class='ocrx_word' id='word_1_192' title='bbox 312 2924 485 3007; x_wconf 83' lang='lat' dir='ltr'><strong>argutatur</strong></span> <span class='ocrx_word' id='word_1_193' title='bbox 511 2920 578 2985; x_wconf 90' lang='lat' dir='ltr'><strong>ullo</strong></span> <span class='ocrx_word' id='word_1_194' title='bbox 607 2919 702 2983; x_wconf 91' lang='lat' dir='ltr'><strong>modo</strong></span> <span class='ocrx_word' id='word_1_195' title='bbox 731 2920 946 3003; x_wconf 88' lang='lat' dir='ltr'><strong>consequitur.</strong></span> <span class='ocrx_word' id='word_1_196' title='bbox 997 2916 1119 2985; x_wconf 85' lang='lat' dir='ltr'><strong>Contra</strong></span> <span class='ocrx_word' id='word_1_197' title='bbox 1147 2918 1278 2985; x_wconf 82' lang='lat' dir='ltr'><strong>‘Linus’</strong></span> 
     </span>
     <span class='ocr_line' id='line_1_25' title="bbox 151 3025 1278 3113; baseline 0 -21"><span class='ocrx_word' id='word_1_198' title='bbox 151 3026 194 3092; x_wconf 86' lang='lat' dir='ltr'><strong>ille</strong></span> <span class='ocrx_word' id='word_1_199' title='bbox 214 3028 291 3113; x_wconf 91' lang='lat' dir='ltr'><strong>quid</strong></span> <span class='ocrx_word' id='word_1_200' title='bbox 314 3027 378 3093; x_wconf 89' lang='lat' dir='ltr'><strong>sibi</strong></span> <span class='ocrx_word' id='word_1_201' title='bbox 401 3027 490 3109; x_wconf 83' lang='lat' dir='ltr'><strong>velit,</strong></span> <span class='ocrx_word' id='word_1_202' title='bbox 512 3028 567 3091; x_wconf 85' lang='lat' dir='ltr'><strong>rix</strong></span> <span class='ocrx_word' id='word_1_203' title='bbox 590 3048 628 3091; x_wconf 90' lang='lat' dir='ltr'><strong>ac</strong></span> <span class='ocrx_word' id='word_1_204' title='bbox 650 3048 691 3091; x_wconf 89' lang='lat' dir='ltr'><strong>nc</strong></span> <span class='ocrx_word' id='word_1_205' title='bbox 714 3026 768 3090; x_wconf 84' lang='lat' dir='ltr'><strong>vix</strong></span> <span class='ocrx_word' id='word_1_206' title='bbox 791 3026 922 3111; x_wconf 89' lang='lat' dir='ltr'><strong>quidem</strong></span> <span class='ocrx_word' id='word_1_207' title='bbox 945 3026 1174 3111; x_wconf 80' lang='lat' dir='ltr'><strong>intellegimus.</strong></span> <span class='ocrx_word' id='word_1_208' title='bbox 1210 3025 1278 3093; x_wconf 90' lang='lat' dir='ltr'><strong>Nec</strong></span> 
     </span>
     <span class='ocr_line' id='line_1_26' title="bbox 148 3126 1277 3222; baseline -0.001 -23"><span class='ocrx_word' id='word_1_209' title='bbox 148 3126 241 3222; x_wconf 56' lang='lat' dir='ltr'><strong>napis</strong></span> <span class='ocrx_word' id='word_1_210' title='bbox 265 3133 430 3199; x_wconf 81' lang='lat' dir='ltr'><strong>Andream</strong></span> <span class='ocrx_word' id='word_1_211' title='bbox 454 3132 624 3199; x_wconf 86' lang='lat' dir='ltr'><strong>Schottum</strong></span> <span class='ocrx_word' id='word_1_212' title='bbox 648 3154 813 3197; x_wconf 88' lang='lat' dir='ltr'><strong>moramur</strong></span> <span class='ocrx_word' id='word_1_213' title='bbox 842 3134 875 3197; x_wconf 82' lang='lat' dir='ltr'><strong>in</strong></span> <span class='ocrx_word' id='word_1_214' title='bbox 896 3133 1013 3198; x_wconf 77' lang='lat' dir='ltr'><strong>Libone</strong></span> <span class='ocrx_word' id='word_1_215' title='bbox 1035 3133 1277 3199; x_wconf 87' lang='lat' dir='ltr'><strong>comminiscen-</strong></span> 
     </span>
    </p>
   </div>
   <div class='ocr_carea' id='block_1_3' title="bbox 130 3238 1331 4499">
    <p class='ocr_par' dir='ltr' id='par_1_5' title="bbox 145 3238 653 3307">
     <span class='ocr_line' id='line_1_27' title="bbox 145 3238 653 3307; baseline -0.008 0"><span class='ocrx_word' id='word_1_216' title='bbox 145 3248 202 3307; x_wconf 84' lang='lat' dir='ltr'><strong>tem</strong></span> <span class='ocrx_word' id='word_1_217' title='bbox 221 3240 346 3307; x_wconf 89' lang='lat' dir='ltr'><strong>Nodor.</strong></span> <span class='ocrx_word' id='word_1_218' title='bbox 370 3238 469 3307; x_wconf 82' lang='lat' dir='ltr'><strong>Cicer.</strong></span> <span class='ocrx_word' id='word_1_219' title='bbox 492 3257 533 3303; x_wconf 91' lang='lat'><strong>111</strong></span> <span class='ocrx_word' id='word_1_220' title='bbox 546 3262 582 3304; x_wconf 90' lang='lat' dir='ltr'><strong>c.</strong></span> <span class='ocrx_word' id='word_1_221' title='bbox 604 3241 653 3303; x_wconf 90' lang='lat'><strong>10.</strong></span> 
     </span>
    </p>

    <p class='ocr_par' dir='ltr' id='par_1_6' title="bbox 130 3344 1331 4499">
     <span class='ocr_line' id='line_1_28' title="bbox 223 3344 1277 3432; baseline -0.001 -19"><span class='ocrx_word' id='word_1_222' title='bbox 223 3347 364 3414; x_wconf 73' lang='lat' dir='ltr'><strong>Versui</strong></span> <span class='ocrx_word' id='word_1_223' title='bbox 381 3346 494 3413; x_wconf 64' lang='lat' dir='ltr'><strong>sedule</strong></span> <span class='ocrx_word' id='word_1_224' title='bbox 511 3346 656 3426; x_wconf 69' lang='lat' dir='ltr'><strong>motetus]</strong></span> <span class='ocrx_word' id='word_1_225' title='bbox 680 3345 799 3411; x_wconf 79' lang='lat' dir='ltr'><strong>Poetae</strong></span> <span class='ocrx_word' id='word_1_226' title='bbox 819 3345 945 3430; x_wconf 88' lang='lat' dir='ltr'><strong>quidem</strong></span> <span class='ocrx_word' id='word_1_227' title='bbox 967 3344 1143 3412; x_wconf 83' lang='lat' dir='ltr'><strong>Ciceroni</strong></span> <span class='ocrx_word' id='word_1_228' title='bbox 1167 3370 1277 3432; x_wconf 89' lang='lat' dir='ltr'><strong>quam-</strong></span> 
     </span>
     <span class='ocr_line' id='line_1_29' title="bbox 140 3452 1331 3538; baseline -0.008 -17"><span class='ocrx_word' id='word_1_229' title='bbox 140 3456 183 3521; x_wconf 83' lang='lat' dir='ltr'><strong>ris</strong></span> <span class='ocrx_word' id='word_1_230' title='bbox 204 3454 313 3521; x_wconf 87' lang='lat' dir='ltr'><strong>multa</strong></span> <span class='ocrx_word' id='word_1_231' title='bbox 334 3452 552 3519; x_wconf 79' lang='lat' dir='ltr'><strong>condonemus</strong></span> <span class='ocrx_word' id='word_1_232' title='bbox 576 3476 658 3538; x_wconf 87' lang='lat' dir='ltr'><strong>quac</strong></span> <span class='ocrx_word' id='word_1_233' title='bbox 681 3453 715 3517; x_wconf 93' lang='lat' dir='ltr'><strong>in</strong></span> <span class='ocrx_word' id='word_1_234' title='bbox 739 3456 901 3517; x_wconf 89' lang='lat' dir='ltr'><strong>oratorem</strong></span> <span class='ocrx_word' id='word_1_235' title='bbox 924 3452 1013 3518; x_wconf 87' lang='lat' dir='ltr'><strong>nullo</strong></span> <span class='ocrx_word' id='word_1_236' title='bbox 1037 3453 1133 3518; x_wconf 92' lang='lat' dir='ltr'><strong>modo</strong></span> <span class='ocrx_word' id='word_1_237' title='bbox 1152 3454 1277 3537; x_wconf 84' lang='lat' dir='ltr'><strong>cudant,</strong></span> <span class='ocrx_word' id='word_1_238' title='bbox 1291 3473 1331 3513; x_wconf 82' lang='lat' dir='ltr'><strong>en</strong></span> 
     </span>
     <span class='ocr_line' id='line_1_30' title="bbox 138 3559 1278 3645; baseline -0.004 -16"><span class='ocrx_word' id='word_1_239' title='bbox 138 3568 245 3629; x_wconf 83' lang='lat' dir='ltr'><strong>tamen</strong></span> <span class='ocrx_word' id='word_1_240' title='bbox 271 3565 341 3626; x_wconf 84' lang='lat' dir='ltr'><strong>tam</strong></span> <span class='ocrx_word' id='word_1_241' title='bbox 369 3559 423 3624; x_wconf 90' lang='lat' dir='ltr'><strong>ille</strong></span> <span class='ocrx_word' id='word_1_242' title='bbox 451 3582 563 3645; x_wconf 84' lang='lat' dir='ltr'><strong>expers</strong></span> <span class='ocrx_word' id='word_1_243' title='bbox 591 3561 769 3645; x_wconf 85' lang='lat' dir='ltr'><strong>elegantiae</strong></span> <span class='ocrx_word' id='word_1_244' title='bbox 797 3582 838 3623; x_wconf 89' lang='lat' dir='ltr'><strong>ne</strong></span> <span class='ocrx_word' id='word_1_245' title='bbox 865 3559 898 3623; x_wconf 92' lang='lat' dir='ltr'><strong>in</strong></span> <span class='ocrx_word' id='word_1_246' title='bbox 927 3559 1125 3625; x_wconf 80' lang='lat' dir='ltr'><strong>carminibus</strong></span> <span class='ocrx_word' id='word_1_247' title='bbox 1148 3561 1278 3645; x_wconf 89' lang='lat' dir='ltr'><strong>quidem</strong></span> 
     </span>
     <span class='ocr_line' id='line_1_31' title="bbox 136 3666 1279 3749; baseline -0.003 -14"><span class='ocrx_word' id='word_1_248' title='bbox 136 3670 195 3735; x_wconf 84' lang='lat' dir='ltr'><strong>iuit</strong></span> <span class='ocrx_word' id='word_1_249' title='bbox 217 3672 257 3734; x_wconf 87' lang='lat' dir='ltr'><strong>ut</strong></span> <span class='ocrx_word' id='word_1_250' title='bbox 280 3668 332 3733; x_wconf 83' lang='lat' dir='ltr'><strong>vel</strong></span> <span class='ocrx_word' id='word_1_251' title='bbox 354 3666 436 3731; x_wconf 88' lang='lat' dir='ltr'><strong>haec</strong></span> <span class='ocrx_word' id='word_1_252' title='bbox 459 3666 626 3732; x_wconf 84' lang='lat' dir='ltr'><strong>scriberet:</strong></span> <span class='ocrx_word' id='word_1_253' title='bbox 650 3672 683 3731; x_wconf 85' lang='lat' dir='ltr'><strong>tn</strong></span> <span class='ocrx_word' id='word_1_254' title='bbox 706 3688 829 3749; x_wconf 68' lang='lat' dir='ltr'><strong>quornm,</strong></span> <span class='ocrx_word' id='word_1_255' title='bbox 852 3666 906 3748; x_wconf 77' lang='lat' dir='ltr'><strong>qui</strong></span> <span class='ocrx_word' id='word_1_256' title='bbox 920 3716 927 3729; x_wconf 91' lang='lat'><strong>.</strong></span> <span class='ocrx_word' id='word_1_257' title='bbox 942 3717 949 3730; x_wconf 93' lang='lat'><strong>.</strong></span> <span class='ocrx_word' id='word_1_258' title='bbox 964 3717 970 3731; x_wconf 95' lang='lat'><strong>.</strong></span> <span class='ocrx_word' id='word_1_259' title='bbox 984 3688 1160 3749; x_wconf 72' lang='lat' dir='ltr'><strong>cspncssnns</strong></span> <span class='ocrx_word' id='word_1_260' title='bbox 1178 3666 1279 3732; x_wconf 67' lang='lat' dir='ltr'><strong>nstra</strong></span> 
     </span>
     <span class='ocr_line' id='line_1_32' title="bbox 135 3774 1277 3853; baseline -0.004 -9"><span class='ocrx_word' id='word_1_261' title='bbox 135 3800 216 3844; x_wconf 77' lang='lat' dir='ltr'><strong>socc</strong></span> <span class='ocrx_word' id='word_1_262' title='bbox 238 3775 454 3842; x_wconf 70' lang='lat' dir='ltr'><strong>Menandrum</strong></span> <span class='ocrx_word' id='word_1_263' title='bbox 476 3775 510 3838; x_wconf 80' lang='lat' dir='ltr'><strong>in</strong></span> <span class='ocrx_word' id='word_1_264' title='bbox 534 3774 667 3839; x_wconf 80' lang='lat' dir='ltr'><strong>rrrcdirnn</strong></span> <span class='ocrx_word' id='word_1_265' title='bbox 689 3774 910 3839; x_wconf 64' lang='lat' dir='ltr'><strong>subnectens</strong></span> <span class='ocrx_word' id='word_1_266' title='bbox 932 3774 1084 3839; x_wconf 83' lang='lat' dir='ltr'><strong>nocitus</strong></span> <span class='ocrx_word' id='word_1_267' title='bbox 1105 3774 1203 3853; x_wconf 68' lang='lat' dir='ltr'><strong>effers,</strong></span> <span class='ocrx_word' id='word_1_268' title='bbox 1227 3775 1277 3839; x_wconf 88' lang='lat' dir='ltr'><strong>vcl</strong></span> 
     </span>
     <span class='ocr_line' id='line_1_33' title="bbox 134 3880 1279 3967; baseline -0.007 -16"><span class='ocrx_word' id='word_1_269' title='bbox 134 3905 198 3951; x_wconf 90' lang='lat' dir='ltr'><strong>non</strong></span> <span class='ocrx_word' id='word_1_270' title='bbox 220 3882 332 3949; x_wconf 91' lang='lat' dir='ltr'><strong>minus</strong></span> <span class='ocrx_word' id='word_1_271' title='bbox 354 3880 473 3967; x_wconf 82' lang='lat' dir='ltr'><strong>frigide</strong></span> <span class='ocrx_word' id='word_1_272' title='bbox 495 3881 676 3965; x_wconf 86' lang='lat' dir='ltr'><strong>proximum</strong></span> <span class='ocrx_word' id='word_1_273' title='bbox 702 3902 827 3945; x_wconf 86' lang='lat' dir='ltr'><strong>versum</strong></span> <span class='ocrx_word' id='word_1_274' title='bbox 851 3881 951 3945; x_wconf 86' lang='lat' dir='ltr'><strong>talem</strong></span> <span class='ocrx_word' id='word_1_275' title='bbox 975 3881 1108 3945; x_wconf 84' lang='lat' dir='ltr'><strong>luceret:</strong></span> <span class='ocrx_word' id='word_1_276' title='bbox 1130 3881 1279 3962; x_wconf 67' lang='lat' dir='ltr'><strong>perictioni</strong></span> 
     </span>
     <span class='ocr_line' id='line_1_34' title="bbox 132 3985 1277 4073; baseline -0.005 -16"><span class='ocrx_word' id='word_1_277' title='bbox 132 4012 213 4057; x_wconf 83' lang='lat' dir='ltr'><strong>oense</strong></span> <span class='ocrx_word' id='word_1_278' title='bbox 240 3990 394 4073; x_wconf 78' lang='lat' dir='ltr'><strong>loquens</strong></span> <span class='ocrx_word' id='word_1_279' title='bbox 420 3993 510 4071; x_wconf 63' lang='lat' dir='ltr'><strong>ormo</strong></span> <span class='ocrx_word' id='word_1_280' title='bbox 536 3989 642 4052; x_wconf 69' lang='lat' dir='ltr'><strong>omacio</strong></span> <span class='ocrx_word' id='word_1_281' title='bbox 669 3987 773 4052; x_wconf 85' lang='lat' dir='ltr'><strong>dnloia</strong></span> <span class='ocrx_word' id='word_1_282' title='bbox 798 3987 931 4052; x_wconf 79' lang='lat' dir='ltr'><strong>dicens.</strong></span> <span class='ocrx_word' id='word_1_283' title='bbox 982 3985 1027 4050; x_wconf 83' lang='lat' dir='ltr'><strong>nt</strong></span> <span class='ocrx_word' id='word_1_284' title='bbox 1054 3985 1121 4050; x_wconf 89' lang='lat' dir='ltr'><strong>illic</strong></span> <span class='ocrx_word' id='word_1_285' title='bbox 1150 3985 1277 4070; x_wconf 88' lang='lat' dir='ltr'><strong>quidem</strong></span> 
     </span>
     <span class='ocr_line' id='line_1_35' title="bbox 134 4091 1279 4176; baseline -0.005 -13"><span class='ocrx_word' id='word_1_286' title='bbox 134 4098 193 4163; x_wconf 88' lang='lat' dir='ltr'><strong>etsi</strong></span> <span class='ocrx_word' id='word_1_287' title='bbox 218 4095 302 4162; x_wconf 89' lang='lat' dir='ltr'><strong>nihil</strong></span> <span class='ocrx_word' id='word_1_288' title='bbox 325 4095 399 4161; x_wconf 78' lang='lat' dir='ltr'><strong>vitii</strong></span> <span class='ocrx_word' id='word_1_289' title='bbox 422 4094 473 4159; x_wconf 83' lang='lat' dir='ltr'><strong>vel</strong></span> <span class='ocrx_word' id='word_1_290' title='bbox 487 4094 723 4160; x_wconf 77' lang='lat' dir='ltr'><strong>Valckenarius</strong></span> <span class='ocrx_word' id='word_1_291' title='bbox 747 4094 779 4158; x_wconf 93' lang='lat' dir='ltr'><strong>in</strong></span> <span class='ocrx_word' id='word_1_292' title='bbox 803 4093 968 4159; x_wconf 86' lang='lat' dir='ltr'><strong>Theocriti</strong></span> <span class='ocrx_word' id='word_1_293' title='bbox 991 4091 1145 4157; x_wconf 66' lang='lat' dir='ltr'><strong>Adonim.</strong></span> <span class='ocrx_word' id='word_1_294' title='bbox 1167 4115 1198 4176; x_wconf 86' lang='lat' dir='ltr'><strong>p.</strong></span> <span class='ocrx_word' id='word_1_295' title='bbox 1213 4093 1279 4157; x_wconf 79' lang='lat'><strong>330</strong></span> 
     </span>
     <span class='ocr_line' id='line_1_36' title="bbox 132 4198 1278 4287; baseline -0.004 -19"><span class='ocrx_word' id='word_1_296' title='bbox 132 4205 183 4269; x_wconf 84' lang='lat' dir='ltr'><strong>rel</strong></span> <span class='ocrx_word' id='word_1_297' title='bbox 215 4202 400 4269; x_wconf 83' lang='lat' dir='ltr'><strong>Meinekius</strong></span> <span class='ocrx_word' id='word_1_298' title='bbox 431 4202 566 4287; x_wconf 86' lang='lat' dir='ltr'><strong>praelat.</strong></span> <span class='ocrx_word' id='word_1_299' title='bbox 598 4201 765 4267; x_wconf 83' lang='lat' dir='ltr'><strong>Menandri</strong></span> <span class='ocrx_word' id='word_1_300' title='bbox 797 4222 829 4285; x_wconf 87' lang='lat' dir='ltr'><strong>p.</strong></span> <span class='ocrx_word' id='word_1_301' title='bbox 853 4218 976 4265; x_wconf 83' lang='lat' dir='ltr'><strong>xxxvn</strong></span> <span class='ocrx_word' id='word_1_302' title='bbox 1008 4198 1164 4282; x_wconf 76' lang='lat' dir='ltr'><strong>suspicati</strong></span> <span class='ocrx_word' id='word_1_303' title='bbox 1194 4205 1278 4283; x_wconf 87' lang='lat' dir='ltr'><strong>sunt,</strong></span> 
     </span>
     <span class='ocr_line' id='line_1_37' title="bbox 132 4306 1276 4393; baseline -0.003 -20"><span class='ocrx_word' id='word_1_304' title='bbox 132 4332 242 4376; x_wconf 79' lang='lat' dir='ltr'><strong>renum</strong></span> <span class='ocrx_word' id='word_1_305' title='bbox 266 4332 343 4375; x_wconf 88' lang='lat' dir='ltr'><strong>raro</strong></span> <span class='ocrx_word' id='word_1_306' title='bbox 366 4309 515 4393; x_wconf 82' lang='lat' dir='ltr'><strong>exemplo</strong></span> <span class='ocrx_word' id='word_1_307' title='bbox 538 4307 694 4373; x_wconf 82' lang='lat' dir='ltr'><strong>Barthius</strong></span> <span class='ocrx_word' id='word_1_308' title='bbox 719 4308 800 4372; x_wconf 86' lang='lat' dir='ltr'><strong>vidit</strong></span> <span class='ocrx_word' id='word_1_309' title='bbox 824 4306 1091 4372; x_wconf 77' lang='lat' dir='ltr'><strong>Adversariorum</strong></span> <span class='ocrx_word' id='word_1_310' title='bbox 1115 4322 1234 4387; x_wconf 79' lang='lat' dir='ltr'><strong>xxmv,</strong></span> <span class='ocrx_word' id='word_1_311' title='bbox 1258 4306 1276 4369; x_wconf 86' lang='lat' dir='ltr'><strong>&#39;l</strong></span> 
     </span>
     <span class='ocr_line' id='line_1_38' title="bbox 130 4411 1278 4499; baseline -0.01 -13"><span class='ocrx_word' id='word_1_312' title='bbox 130 4419 245 4486; x_wconf 57' lang='lat' dir='ltr'><strong>walse</strong></span> <span class='ocrx_word' id='word_1_313' title='bbox 267 4416 427 4482; x_wconf 81' lang='lat' dir='ltr'><strong>motibus</strong></span> <span class='ocrx_word' id='word_1_314' title='bbox 450 4415 650 4481; x_wconf 86' lang='lat' dir='ltr'><strong>substituens</strong></span> <span class='ocrx_word' id='word_1_315' title='bbox 673 4437 732 4499; x_wconf 88' lang='lat' dir='ltr'><strong>pro</strong></span> <span class='ocrx_word' id='word_1_316' title='bbox 754 4413 1026 4492; x_wconf 63' lang='lat' dir='ltr'><strong>custeranno,</strong></span> <span class='ocrx_word' id='word_1_317' title='bbox 1049 4411 1134 4497; x_wconf 87' lang='lat' dir='ltr'><strong>quod</strong></span> <span class='ocrx_word' id='word_1_318' title='bbox 1157 4432 1198 4475; x_wconf 88' lang='lat' dir='ltr'><strong>ne</strong></span> <span class='ocrx_word' id='word_1_319' title='bbox 1220 4432 1278 4494; x_wconf 88' lang='lat' dir='ltr'><strong>per</strong></span> 
     </span>
    </p>
   </div>
   <div class='ocr_carea' id='block_1_4' title="bbox 0 0 1470 5026">
    <p class='ocr_par' dir='ltr' id='par_1_7' title="bbox 0 0 1470 5026">
     <span class='ocr_line' id='line_1_39' title="bbox 0 0 1470 5026; baseline 0 3"><span class='ocrx_word' id='word_1_320' title='bbox 0 0 1470 5026; x_wconf 95' lang='lat' dir='ltr'><strong> </strong></span> 
     </span>
    </p>
   </div>
  </div>
 </body>
</html>
