2932 5026
188 316 253 382 258
514 362 534 415 ο.
580 332 617 378 ns
641 333 751 380 v1rnn
775 332 944 379 rnannrn

136 492 177 533 sao
278 473 355 557 Pag.
364 474 463 548 211,ss
485 475 520 538 in
543 473 693 538 aretmdia
715 474 881 558 stymphati
902 476 968 540 sinc
986 475 1122 541 tamadie
1143 498 1224 541 unus
1244 483 1293 543 vet

188 581 355 646 Parisinus
379 581 532 646 serravit:
556 580 613 645 ubi
636 580 722 666 quod
745 580 846 647 libros
864 582 1009 647 novicios
1028 585 1168 666 occupat
1183 583 1293 667 sinap

188 688 267 769 siae,
294 687 375 752 nulli
402 688 474 753 usui
503 691 561 752 est.
606 686 744 751 Prorsus
773 692 806 752 et
829 688 992 753 soloecam
1015 687 1199 753 orationem
1222 693 1293 755 eta

189 795 321 859 surdam
340 794 535 859 sententiam
548 793 706 858 Erasmus
725 793 912 858 invehebat:
936 796 971 857 in
985 795 1142 860 Arcadiae
1155 793 1293 879 symm

188 904 254 967 siae
276 901 445 979 Leucadia,
480 900 534 965 sed
567 901 653 965 idem
682 903 792 964 tamen
822 900 857 964 in
886 899 1051 963 tralaticia
1081 901 1241 986 scriptura
1266 924 1293 968 n<

189 1030 285 1093 posse
309 1007 470 1091 acquiesci
493 1010 579 1071 recte
603 1007 713 1070 sensit.
758 1004 835 1071 Non
859 1005 1007 1090 equidem
1029 1005 1159 1090 negabo
1182 1009 1217 1070 in
1238 1009 1293 1073 Ara

188 1116 243 1179 dia
265 1113 441 1197 Stymphali
464 1113 526 1178 dici
549 1113 703 1197 potuisse,
726 1116 763 1176 ut
785 1133 899 1195 reapse
922 1110 1048 1175 Plinius
1072 1112 1156 1177 dixit
1177 1110 1219 1176 N.
1240 1111 1293 1177 R:

190 1221 253 1286 227
279 1221 328 1287 ‘in
352 1243 390 1286 eo
414 1217 540 1304 (fluvio)
564 1224 601 1284 ut
618 1221 653 1284 in
667 1220 808 1283 Arcadia
822 1217 998 1301 Stymphali
1021 1222 1218 1283 enascuntur
1240 1240 1293 1302 aqu

189 1326 263 1392 tiles
287 1310 449 1409 musculi',
481 1327 533 1392 v'el
562 1344 677 1410 xxxn,
704 1327 743 1388 17
774 1326 807 1390 in
836 1325 934 1407 lycia
956 1321 1063 1407 Myris
1092 1324 1293 1409 (ubidispar

190 1433 320 1498 miscuit
343 1431 519 1519 Silligius):
544 1454 740 1517 quamquam
764 1431 915 1496 usitatius
938 1453 1010 1496 esse
1034 1436 1092 1496 aut
1110 1429 1281 1514 Stymphali

189 1542 331 1605 Arcadia
354 1541 459 1605 sentio
483 1519 768 1624 (quemadmodum
795 1537 864 1602 rita
886 1537 1107 1602 Ambrosiana
1129 1536 1271 1623 loquitur
1292 1567 1293 1597 ι

190 1645 229 1709 A.
252 1643 340 1708 Maio
369 1644 456 1708 edita
483 1644 660 1727 Stymphali
686 1644 809 1709 deamat
836 1644 870 1707 in
892 1641 1049 1729 Arcadia)
1077 1648 1135 1709 aut
1161 1644 1293 1728 Stymph

190 1752 342 1817 Arcadiae
374 1750 483 1831 oppida
516 1753 573 1813 aut
604 1750 721 1814 saltem
754 1751 788 1814 in
815 1750 972 1814 Arcadiae
1005 1751 1115 1833 aynan
1138 1749 1293 1840 ¹Stympha

191 1857 314 1922 Verum
342 1857 378 1920 in
404 1856 545 1920 Arcadia
572 1855 747 1939 Stymphali
772 1858 838 1921 eine
859 1856 1032 1922 Lemadiae
1062 1879 1168 1923 nonne
1203 1880 1293 1940 prora

192 1963 239 2027 ita
266 1963 376 2046 posita
405 1966 481 2027 sunt
508 1966 544 2027 ut
568 1962 762 2028 Leucadiam
790 1986 918 2048 quoque
946 1964 1060 2029 urbem
1089 1962 1153 2028 diei
1175 1965 1293 2030 Arcadi

192 2067 325 2133 credas?
362 2067 477 2152 Apage
500 2069 602 2154 igitur
624 2070 799 2134 molestum
815 2068 992 2154 Stymphali
1014 2092 1141 2154 nomen,
1164 2069 1252 2154 quod
1274 2093 1293 2135 n

192 2178 242 2239 cet
272 2175 401 2241 aliunde
424 2176 490 2240 nisi
514 2197 531 2239 e
555 2176 706 2241 carminis
729 2177 881 2242 Porciani
904 2201 935 2262 p.
958 2178 1023 2243 206
1048 2199 1143 2242 versu
1167 2178 1186 2241 Ἰ
1211 2176 1277 2242 huc

191 2282 366 2366 interprete
389 2283 537 2367 inlatum,
560 2281 812 2369 Suetoniumquc
835 2287 1032 2352 confidenter
1054 2284 1146 2349 crede
1169 2285 1218 2349 eic
1241 2308 1294 2350 scr

96 2401 99 2407 “
192 2390 286 2453 sisse:
318 2393 408 2456 ceteri
429 2396 585 2456 incanam
608 2411 670 2455 esse
697 2392 733 2454 in
755 2391 895 2456 Arcadia
918 2393 984 2457 stare
1005 2391 1179 2456 Larmdiae
1203 2393 1293 2457 hadre

192 2495 257 2561 Vbi
289 2498 428 2581 insulae,
465 2499 515 2563 vel
549 2499 729 2583 antiquitus
766 2501 976 2582 paeninsulae
1014 2520 1133 2563 nomen
1164 2497 1293 2564 Lamud

191 2605 436 2669 notissimorum
460 2627 609 2669 normam
633 2606 853 2690 exemplorum
876 2605 1021 2690 sequitur
1044 2624 1127 2688 qnae
1150 2608 1228 2669 sunt
1245 2605 1293 2688 Cy

192 2709 341 2793 Corcyrae
364 2711 548 2777 Chersonesi.
594 2709 663 2775 Nec
686 2713 751 2776 siae
774 2710 943 2795 particula,
965 2733 1024 2794 pro
1047 2732 1112 2795 qua
1134 2709 1231 2775 facile
1255 2733 1293 2796 qu

192 2817 279 2898 piam
303 2818 352 2882 act
375 2821 540 2900 exspectet
563 2818 614 2882 vel
636 2823 699 2894 aret,
723 2818 850 2883 ratione
870 2840 929 2881 sua
948 2821 1048 2899 caret3
1071 2838 1148 2879 nam
1167 2838 1242 2881 cnm
1260 2816 1293 2882 ln

194 2924 390 3005 praecedant
418 2923 452 3003 Q.
476 2923 640 2989 Cosconius
666 2926 839 2988 redarntem
866 2947 882 2989 e
906 2924 1039 2988 Graecia
1061 2905 1233 3004 perissem
1257 2945 1293 2988 m

192 3030 279 3106 dicit,
303 3030 366 3113 ipsi
391 3030 471 3093 mari
495 3031 560 3094 iam
584 3030 705 3113 opponi
729 3035 850 3094 terram
874 3033 1024 3113 apparet,
1047 3029 1115 3092 sive
1139 3051 1177 3093 ea
1200 3031 1293 3095 Arca

192 3134 255 3199 fuit
278 3137 346 3201 sive
369 3134 540 3201 Leucadia.
585 3136 675 3200 Neve
705 3138 777 3219 quis
805 3139 840 3200 in
863 3137 1004 3201 Arcadia
1027 3135 1127 3201 verba
1150 3159 1210 3219 pro
1234 3137 1293 3201 insi

194 3243 251 3307 ciis
281 3243 402 3309 habeat
432 3242 650 3327 Suetonioque
679 3242 759 3308 haec
786 3244 895 3328 potius
924 3246 1048 3309 tribuat
1074 3245 1163 3307 ceteri
1185 3250 1293 3309 ritortm

192 3369 254 3414 esse
267 3347 441 3433 Stymphali
462 3350 714 3415 sierelmrcadiac
736 3353 880 3415 tradant:
903 3374 945 3416 ne
967 3350 1044 3434 quid
1067 3350 1105 3414 de
1129 3373 1245 3433 parum
1269 3372 1293 3415 cr

193 3456 289 3521 cinna
307 3457 398 3522 urbis
417 3479 491 3521 cum
509 3457 617 3523 insula
635 3458 875 3523 consociatione
894 3457 1009 3541 dicam,
1028 3461 1158 3540 praesto
1178 3460 1237 3540 cst,
1251 3479 1292 3521 cu

193 3632 346 3685 versiamm
370 3631 444 3685 enim
468 3633 487 3684 l.
509 3647 552 3685 sm
571 3651 598 3701 p.
620 3639 684 3700 184,
705 3639 749 3686 12:
777 3633 826 3687 abt
844 3632 924 3701 cyrae?
952 3633 984 3685 in
1001 3631 1206 3700 pahanaaata?
1234 3631 1293 3685 null

193 3725 238 3774 est.
267 3722 299 3774 tn
317 3720 450 3790 raniyio?
469 3736 507 3772 aa
525 3720 583 3773 hoe
601 3719 708 3789 quidem
726 3727 771 3776 cst.
800 3723 832 3775 in
847 3719 960 3776 canate?
979 3736 1056 3774 nenio
1074 3725 1197 3788 repertas
1215 3726 1255 3774 eet
1271 3738 1293 3774 a

192 3809 270 3877 srayi
292 3826 383 3864 carries.
422 3812 454 3863 in
476 3808 556 3863 uela?
585 3811 616 3862 in
644 3809 724 3862 arte?
752 3811 845 3864 omitia
864 3826 952 3878 paene
975 3810 1158 3862 instrumenta
1180 3811 1293 3865 ciram<

194 3902 258 3950 aunt
280 3929 323 3965 -,
352 3898 419 3966 quid
447 3897 501 3953 sibi
529 3897 602 3952 velle
628 3899 659 3951 in
685 3904 743 3953 arte
768 3900 856 3967 dices,
885 3899 933 3952 ubi
959 3899 994 3953 de
1016 3897 1210 3951 imitamentis
1232 3914 1293 3953 seru

196 3985 354 4054 Scripserat
372 3986 478 4042 Seneca
495 3988 527 4040 in
545 3984 626 4040 uela?
652 3988 683 4039 in
702 3987 891 4042 artemone?
911 3989 1003 4042 mimia
1023 4017 1064 4040 -.
1102 3986 1176 4040 Nam
1195 3986 1293 4042 differo

195 4076 258 4129 velo
280 4079 451 4131 artemonem
476 4077 591 4130 constat.
631 4075 667 4129 Et
689 4077 720 4128 in
743 4081 801 4129 arte
825 4077 856 4129 in
879 4077 972 4129 anania
994 4075 1098 4130 habore
1122 4075 1210 4129 codex
1229 4075 1293 4130 Bnn

195 4163 280 4218 lensia
299 4163 417 4220 ridetur.
454 4165 560 4219 liudem
580 4181 666 4232 opera
684 4164 791 4218 leviora
810 4164 918 4232 corrige
937 4164 1064 4234 finitima,
1084 4164 1180 4234 paullo
1199 4166 1266 4219 ante
1285 4182 1293 4219 r

194 4253 262 4322 qaid
288 4269 401 4307 acernae
425 4255 497 4321 qnod
519 4254 703 4322 inpunitatem
727 4253 813 4319 fratri
838 4254 969 4317 (hilerim,
994 4269 1086 4321 ynam
1111 4254 1172 4319 sato
1197 4253 1293 4306 sarmiti

194 4358 281 4396 meam
299 4342 403 4404 uictum
421 4343 469 4396 eit:
488 4341 557 4396 itam
576 4342 672 4411 paullo
691 4344 754 4411 post
770 4360 795 4394 v.
815 4347 849 4394 20
864 4357 1019 4409 poenarum
1036 4342 1095 4394 eiua
1109 4356 1180 4408 para
1198 4346 1259 4405 cat,
1276 4358 1293 4393 a

196 4438 244 4490 eet
261 4432 400 4501 nequitiae
416 4447 493 4499 opas
532 4431 586 4485 Sed
604 4429 674 4484 talia
693 4430 876 4498 corrigentem
896 4431 956 4484 dics
973 4428 1093 4484 deficiat.
