<?xml version="1.0" encoding="UTF-8"?>
<!DOCTYPE html PUBLIC "-//W3C//DTD XHTML 1.0 Transitional//EN"
    "http://www.w3.org/TR/xhtml1/DTD/xhtml1-transitional.dtd">
<html xmlns="http://www.w3.org/1999/xhtml" xml:lang="en" lang="en">
 <head>
  <title>
</title>
<meta http-equiv="Content-Type" content="text/html;charset=utf-8" />
  <meta name='ocr-system' content='tesseract 3.04.00' />
  <meta name='ocr-capabilities' content='ocr_page ocr_carea ocr_par ocr_line ocrx_word'/>
</head>
<body>
  <div class='ocr_page' id='page_1' title='image "./fridericiritsch02ritsgoog_0632.png"; bbox 0 0 2932 5026; ppageno 0'>
   <div class='ocr_carea' id='block_1_1' title="bbox 347 320 1290 386">
    <p class='ocr_par' dir='ltr' id='par_1_1' title="bbox 347 320 1290 386">
     <span class='ocr_line' id='line_1_1' title="bbox 347 320 1290 386; baseline 0 0"><span class='ocrx_word' id='word_1_1' title='bbox 347 336 633 386; x_wconf 73' lang='lat' dir='ltr'><strong>summariorum</strong></span> <span class='ocrx_word' id='word_1_2' title='bbox 656 336 955 385; x_wconf 74' lang='lat' dir='ltr'><strong>curvuumnuavu</strong></span> <span class='ocrx_word' id='word_1_3' title='bbox 979 336 1090 385; x_wconf 80' lang='lat' dir='ltr'><strong>raras.</strong></span> <span class='ocrx_word' id='word_1_4' title='bbox 1223 320 1290 386; x_wconf 82' lang='grc'><strong>599</strong></span> 
     </span>
    </p>
   </div>
   <div class='ocr_carea' id='block_1_2' title="bbox 135 478 1291 2489">
    <p class='ocr_par' dir='ltr' id='par_1_2' title="bbox 135 478 1291 2489">
     <span class='ocr_line' id='line_1_2' title="bbox 138 478 1290 566; baseline -0.001 -21"><span class='ocrx_word' id='word_1_5' title='bbox 138 478 236 545; x_wconf 86' lang='lat' dir='ltr'><strong>Haec</strong></span> <span class='ocrx_word' id='word_1_6' title='bbox 258 480 361 566; x_wconf 88' lang='lat' dir='ltr'><strong>igitur</strong></span> <span class='ocrx_word' id='word_1_7' title='bbox 383 480 493 546; x_wconf 91' lang='lat' dir='ltr'><strong>omnia</strong></span> <span class='ocrx_word' id='word_1_8' title='bbox 512 501 585 544; x_wconf 91' lang='lat' dir='ltr'><strong>cum</strong></span> <span class='ocrx_word' id='word_1_9' title='bbox 607 479 656 544; x_wconf 91' lang='lat' dir='ltr'><strong>ita</strong></span> <span class='ocrx_word' id='word_1_10' title='bbox 679 501 714 545; x_wconf 92' lang='lat' dir='ltr'><strong>se</strong></span> <span class='ocrx_word' id='word_1_11' title='bbox 737 479 889 561; x_wconf 76' lang='lat' dir='ltr'><strong>habeant,</strong></span> <span class='ocrx_word' id='word_1_12' title='bbox 912 479 1103 563; x_wconf 88' lang='lat' dir='ltr'><strong>simpliciter</strong></span> <span class='ocrx_word' id='word_1_13' title='bbox 1122 482 1230 545; x_wconf 88' lang='lat' dir='ltr'><strong>autem</strong></span> <span class='ocrx_word' id='word_1_14' title='bbox 1249 479 1290 544; x_wconf 89' lang='lat' dir='ltr'><strong>ad</strong></span> 
     </span>
     <span class='ocr_line' id='line_1_3' title="bbox 139 586 1291 673; baseline 0 -22"><span class='ocrx_word' id='word_1_15' title='bbox 139 590 307 653; x_wconf 82' lang='lat' dir='ltr'><strong>terrarmn</strong></span> <span class='ocrx_word' id='word_1_16' title='bbox 329 587 438 672; x_wconf 91' lang='lat' dir='ltr'><strong>spatia</strong></span> <span class='ocrx_word' id='word_1_17' title='bbox 460 587 511 652; x_wconf 84' lang='lat' dir='ltr'><strong>rel</strong></span> <span class='ocrx_word' id='word_1_18' title='bbox 533 608 635 673; x_wconf 91' lang='lat' dir='ltr'><strong>regna</strong></span> <span class='ocrx_word' id='word_1_19' title='bbox 657 606 771 671; x_wconf 86' lang='lat' dir='ltr'><strong>regum</strong></span> <span class='ocrx_word' id='word_1_20' title='bbox 800 586 950 671; x_wconf 91' lang='lat' dir='ltr'><strong>latosque</strong></span> <span class='ocrx_word' id='word_1_21' title='bbox 973 608 1105 670; x_wconf 90' lang='lat' dir='ltr'><strong>campos</strong></span> <span class='ocrx_word' id='word_1_22' title='bbox 1127 586 1291 671; x_wconf 90' lang='lat' dir='ltr'><strong>quoslibet</strong></span> 
     </span>
     <span class='ocr_line' id='line_1_4' title="bbox 138 692 1290 779; baseline -0.001 -20"><span class='ocrx_word' id='word_1_23' title='bbox 138 694 296 760; x_wconf 78' lang='lat' dir='ltr'><strong>translati</strong></span> <span class='ocrx_word' id='word_1_24' title='bbox 332 695 478 777; x_wconf 58' lang='lat' dir='ltr'><strong>emplum</strong></span> <span class='ocrx_word' id='word_1_25' title='bbox 514 693 663 759; x_wconf 81' lang='lat' dir='ltr'>vocabuli</span> <span class='ocrx_word' id='word_1_26' title='bbox 695 693 827 758; x_wconf 91' lang='lat' dir='ltr'><strong>omnino</strong></span> <span class='ocrx_word' id='word_1_27' title='bbox 860 692 1042 776; x_wconf 77' lang='lat' dir='ltr'><strong>exemplum</strong></span> <span class='ocrx_word' id='word_1_28' title='bbox 1074 715 1141 758; x_wconf 91' lang='lat' dir='ltr'><strong>non</strong></span> <span class='ocrx_word' id='word_1_29' title='bbox 1176 696 1290 779; x_wconf 84' lang='lat' dir='ltr'><strong>exstet,</strong></span> 
     </span>
     <span class='ocr_line' id='line_1_5' title="bbox 140 799 1288 884; baseline -0.003 -19"><span class='ocrx_word' id='word_1_30' title='bbox 140 800 245 865; x_wconf 86' lang='lat' dir='ltr'><strong>etiam</strong></span> <span class='ocrx_word' id='word_1_31' title='bbox 279 802 320 867; x_wconf 88' lang='lat' dir='ltr'><strong>de</strong></span> <span class='ocrx_word' id='word_1_32' title='bbox 352 799 548 866; x_wconf 83' lang='lat' dir='ltr'><strong>Catullianis</strong></span> <span class='ocrx_word' id='word_1_33' title='bbox 580 800 608 865; x_wconf 90' lang='lat' dir='ltr'><strong>si</strong></span> <span class='ocrx_word' id='word_1_34' title='bbox 645 800 695 864; x_wconf 91' lang='lat' dir='ltr'><strong>dis</strong></span> <span class='ocrx_word' id='word_1_35' title='bbox 724 801 840 884; x_wconf 88' lang='lat' dir='ltr'><strong>placet</strong></span> <span class='ocrx_word' id='word_1_36' title='bbox 871 800 991 882; x_wconf 57' lang='lat' dir='ltr'><strong>amplas</strong></span> <span class='ocrx_word' id='word_1_37' title='bbox 1024 799 1187 882; x_wconf 64' lang='lat' dir='ltr'><strong>Gortynia</strong></span> <span class='ocrx_word' id='word_1_38' title='bbox 1218 819 1288 863; x_wconf 89' lang='lat' dir='ltr'><strong>esse</strong></span> 
     </span>
     <span class='ocr_line' id='line_1_6' title="bbox 140 902 1289 993; baseline -0.004 -20"><span class='ocrx_word' id='word_1_39' title='bbox 140 910 255 973; x_wconf 88' lang='lat' dir='ltr'><strong>actum</strong></span> <span class='ocrx_word' id='word_1_40' title='bbox 280 911 433 993; x_wconf 87' lang='lat' dir='ltr'><strong>putamus</strong></span> <span class='ocrx_word' id='word_1_41' title='bbox 466 908 609 993; x_wconf 89' lang='lat' dir='ltr'><strong>satisque</strong></span> <span class='ocrx_word' id='word_1_42' title='bbox 641 908 822 973; x_wconf 77' lang='lat' dir='ltr'><strong>stabilitam</strong></span> <span class='ocrx_word' id='word_1_43' title='bbox 854 912 930 973; x_wconf 82' lang='lat' dir='ltr'><strong>tecla</strong></span> <span class='ocrx_word' id='word_1_44' title='bbox 957 908 1158 992; x_wconf 76' lang='lat' dir='ltr'><strong>scripturam.</strong></span> <span class='ocrx_word' id='word_1_45' title='bbox 1200 902 1289 979; x_wconf 84' lang='lat' dir='ltr'><strong>Quae</strong></span> 
     </span>
     <span class='ocr_line' id='line_1_7' title="bbox 140 1013 1290 1099; baseline -0.005 -20"><span class='ocrx_word' id='word_1_46' title='bbox 140 1016 255 1079; x_wconf 84' lang='lat' dir='ltr'><strong>tamen</strong></span> <span class='ocrx_word' id='word_1_47' title='bbox 286 1018 373 1080; x_wconf 60' lang='lat' dir='ltr'><strong>meta</strong></span> <span class='ocrx_word' id='word_1_48' title='bbox 402 1015 558 1081; x_wconf 87' lang='lat' dir='ltr'><strong>narrandi</strong></span> <span class='ocrx_word' id='word_1_49' title='bbox 590 1014 791 1081; x_wconf 77' lang='lat' dir='ltr'><strong>concinnitas</strong></span> <span class='ocrx_word' id='word_1_50' title='bbox 823 1037 922 1099; x_wconf 89' lang='lat' dir='ltr'><strong>supra</strong></span> <span class='ocrx_word' id='word_1_51' title='bbox 950 1037 971 1079; x_wconf 92' lang='lat' dir='ltr'><strong>a</strong></span> <span class='ocrx_word' id='word_1_52' title='bbox 997 1013 1094 1079; x_wconf 92' lang='lat' dir='ltr'><strong>uobis</strong></span> <span class='ocrx_word' id='word_1_53' title='bbox 1125 1013 1290 1079; x_wconf 88' lang='lat' dir='ltr'><strong>declarata</strong></span> 
     </span>
     <span class='ocr_line' id='line_1_8' title="bbox 140 1117 1287 1207; baseline -0.004 -22"><span class='ocrx_word' id='word_1_54' title='bbox 140 1118 260 1186; x_wconf 80' lang='lat' dir='ltr'><strong>suadet</strong></span> <span class='ocrx_word' id='word_1_55' title='bbox 281 1124 319 1186; x_wconf 89' lang='lat' dir='ltr'><strong>ut</strong></span> <span class='ocrx_word' id='word_1_56' title='bbox 340 1143 406 1187; x_wconf 93' lang='lat' dir='ltr'><strong>non</strong></span> <span class='ocrx_word' id='word_1_57' title='bbox 432 1122 538 1206; x_wconf 85' lang='lat' dir='ltr'><strong>ipsam</strong></span> <span class='ocrx_word' id='word_1_58' title='bbox 565 1123 674 1207; x_wconf 90' lang='lat' dir='ltr'><strong>potius</strong></span> <span class='ocrx_word' id='word_1_59' title='bbox 696 1122 821 1207; x_wconf 91' lang='lat' dir='ltr'><strong>regiam</strong></span> <span class='ocrx_word' id='word_1_60' title='bbox 848 1122 1110 1205; x_wconf 76' lang='lat' dir='ltr'><strong>interpretamur,</strong></span> <span class='ocrx_word' id='word_1_61' title='bbox 1137 1117 1193 1182; x_wconf 88' lang='lat' dir='ltr'><strong>sed</strong></span> <span class='ocrx_word' id='word_1_62' title='bbox 1216 1136 1287 1181; x_wconf 84' lang='grc' dir='ltr'><strong>ων·</strong></span> 
     </span>
     <span class='ocr_line' id='line_1_9' title="bbox 140 1215 1289 1314; baseline -0.004 -22"><span class='ocrx_word' id='word_1_63' title='bbox 140 1230 316 1307; x_wconf 80' lang='grc' dir='ltr'>εκδοχικῶ(</span> <span class='ocrx_word' id='word_1_64' title='bbox 351 1229 461 1314; x_wconf 91' lang='lat' dir='ltr'><strong>posita</strong></span> <span class='ocrx_word' id='word_1_65' title='bbox 493 1230 691 1314; x_wconf 82' lang='lat' dir='ltr'><strong>accipiamus</strong></span> <span class='ocrx_word' id='word_1_66' title='bbox 727 1252 786 1313; x_wconf 90' lang='lat' dir='ltr'><strong>pro</strong></span> <span class='ocrx_word' id='word_1_67' title='bbox 811 1215 915 1294; x_wconf 90' lang='lat' dir='ltr'><strong>urbe</strong></span> <span class='ocrx_word' id='word_1_68' title='bbox 947 1228 1096 1312; x_wconf 87' lang='lat' dir='ltr'><strong>Gortyna</strong></span> <span class='ocrx_word' id='word_1_69' title='bbox 1129 1225 1289 1308; x_wconf 84' lang='lat' dir='ltr'><strong>universa,</strong></span> 
     </span>
     <span class='ocr_line' id='line_1_10' title="bbox 139 1331 1288 1423; baseline -0.003 -24"><span class='ocrx_word' id='word_1_70' title='bbox 139 1332 244 1399; x_wconf 89' lang='lat' dir='ltr'><strong>simili</strong></span> <span class='ocrx_word' id='word_1_71' title='bbox 269 1355 403 1418; x_wconf 90' lang='lat' dir='ltr'><strong>prorsus</strong></span> <span class='ocrx_word' id='word_1_72' title='bbox 431 1337 538 1423; x_wconf 89' lang='lat' dir='ltr'><strong>figura</strong></span> <span class='ocrx_word' id='word_1_73' title='bbox 565 1339 662 1422; x_wconf 89' lang='lat' dir='ltr'><strong>atque</strong></span> <span class='ocrx_word' id='word_1_74' title='bbox 690 1358 755 1421; x_wconf 88' lang='lat' dir='ltr'><strong>qua</strong></span> <span class='ocrx_word' id='word_1_75' title='bbox 782 1357 842 1420; x_wconf 90' lang='lat' dir='ltr'><strong>pro</strong></span> <span class='ocrx_word' id='word_1_76' title='bbox 871 1337 950 1401; x_wconf 90' lang='lat' dir='ltr'><strong>urbe</strong></span> <span class='ocrx_word' id='word_1_77' title='bbox 972 1334 1072 1401; x_wconf 91' lang='lat' dir='ltr'><strong>etiam</strong></span> <span class='ocrx_word' id='word_1_78' title='bbox 1095 1333 1216 1398; x_wconf 79' lang='lat' dir='ltr'><strong>moenio</strong></span> <span class='ocrx_word' id='word_1_79' title='bbox 1243 1331 1288 1395; x_wconf 95' lang='lat' dir='ltr'><strong>di-</strong></span> 
     </span>
     <span class='ocr_line' id='line_1_11' title="bbox 139 1439 1288 1530; baseline -0.001 -26"><span class='ocrx_word' id='word_1_80' title='bbox 139 1442 268 1506; x_wconf 87' lang='lat' dir='ltr'><strong>cuntur.</strong></span> <span class='ocrx_word' id='word_1_81' title='bbox 285 1477 330 1486; x_wconf 93' lang='lat'>-</span> <span class='ocrx_word' id='word_1_82' title='bbox 353 1439 504 1527; x_wconf 74' lang='lat' dir='ltr'><strong>Ceterum</strong></span> <span class='ocrx_word' id='word_1_83' title='bbox 522 1466 563 1509; x_wconf 89' lang='lat' dir='ltr'><strong>ne</strong></span> <span class='ocrx_word' id='word_1_84' title='bbox 586 1444 663 1530; x_wconf 91' lang='lat' dir='ltr'><strong>quid</strong></span> <span class='ocrx_word' id='word_1_85' title='bbox 685 1444 983 1528; x_wconf 81' lang='lat' dir='ltr'><strong>praetermittamus</strong></span> <span class='ocrx_word' id='word_1_86' title='bbox 1002 1440 1156 1507; x_wconf 87' lang='lat' dir='ltr'><strong>cumbae</strong></span> <span class='ocrx_word' id='word_1_87' title='bbox 1174 1461 1288 1505; x_wconf 84' lang='lat' dir='ltr'><strong>caussa</strong></span> 
     </span>
     <span class='ocr_line' id='line_1_12' title="bbox 139 1546 1287 1635; baseline -0.002 -23"><span class='ocrx_word' id='word_1_88' title='bbox 139 1547 360 1632; x_wconf 87' lang='lat' dir='ltr'><strong>coniunctum,</strong></span> <span class='ocrx_word' id='word_1_89' title='bbox 384 1549 413 1614; x_wconf 91' lang='lat' dir='ltr'><strong>si</strong></span> <span class='ocrx_word' id='word_1_90' title='bbox 436 1550 490 1634; x_wconf 88' lang='lat' dir='ltr'><strong>qui</strong></span> <span class='ocrx_word' id='word_1_91' title='bbox 513 1550 615 1616; x_wconf 88' lang='lat' dir='ltr'><strong>etiam</strong></span> <span class='ocrx_word' id='word_1_92' title='bbox 637 1550 763 1635; x_wconf 89' lang='lat' dir='ltr'><strong>regiam</strong></span> <span class='ocrx_word' id='word_1_93' title='bbox 786 1548 931 1633; x_wconf 91' lang='lat' dir='ltr'><strong>potuisse</strong></span> <span class='ocrx_word' id='word_1_94' title='bbox 954 1549 1068 1632; x_wconf 81' lang='lat' dir='ltr'><strong>templa</strong></span> <span class='ocrx_word' id='word_1_95' title='bbox 1090 1546 1201 1613; x_wconf 76' lang='lat' dir='ltr'><strong>vocari</strong></span> <span class='ocrx_word' id='word_1_96' title='bbox 1224 1546 1287 1611; x_wconf 91' lang='lat' dir='ltr'><strong>sibi</strong></span> 
     </span>
     <span class='ocr_line' id='line_1_13' title="bbox 138 1653 1287 1741; baseline -0.003 -22"><span class='ocrx_word' id='word_1_97' title='bbox 138 1658 386 1739; x_wconf 87' lang='lat' dir='ltr'><strong>persuaserunt,</strong></span> <span class='ocrx_word' id='word_1_98' title='bbox 408 1659 447 1720; x_wconf 89' lang='lat' dir='ltr'><strong>ut</strong></span> <span class='ocrx_word' id='word_1_99' title='bbox 468 1656 554 1741; x_wconf 91' lang='lat' dir='ltr'><strong>quod</strong></span> <span class='ocrx_word' id='word_1_100' title='bbox 576 1678 697 1722; x_wconf 88' lang='lat' dir='ltr'><strong>nomen</strong></span> <span class='ocrx_word' id='word_1_101' title='bbox 718 1678 785 1721; x_wconf 91' lang='lat' dir='ltr'><strong>non</strong></span> <span class='ocrx_word' id='word_1_102' title='bbox 807 1678 883 1720; x_wconf 91' lang='lat' dir='ltr'><strong>raro</strong></span> <span class='ocrx_word' id='word_1_103' title='bbox 905 1656 1021 1739; x_wconf 90' lang='lat' dir='ltr'><strong>amplis</strong></span> <span class='ocrx_word' id='word_1_104' title='bbox 1045 1653 1287 1738; x_wconf 80' lang='lat' dir='ltr'><strong>splendidisque</strong></span> 
     </span>
     <span class='ocr_line' id='line_1_14' title="bbox 138 1760 1287 1846; baseline -0.002 -21"><span class='ocrx_word' id='word_1_105' title='bbox 138 1760 297 1826; x_wconf 86' lang='lat' dir='ltr'><strong>aedificiis</strong></span> <span class='ocrx_word' id='word_1_106' title='bbox 325 1761 495 1846; x_wconf 81' lang='lat' dir='ltr'><strong>quibusvis</strong></span> <span class='ocrx_word' id='word_1_107' title='bbox 521 1763 731 1845; x_wconf 83' lang='lat' dir='ltr'><strong>tribueretur,</strong></span> <span class='ocrx_word' id='word_1_108' title='bbox 758 1763 865 1828; x_wconf 90' lang='lat' dir='ltr'><strong>multo</strong></span> <span class='ocrx_word' id='word_1_109' title='bbox 889 1762 989 1827; x_wconf 88' lang='lat' dir='ltr'><strong>etiam</strong></span> <span class='ocrx_word' id='word_1_110' title='bbox 1016 1760 1145 1845; x_wconf 88' lang='lat' dir='ltr'><strong>longius</strong></span> <span class='ocrx_word' id='word_1_111' title='bbox 1169 1782 1189 1823; x_wconf 92' lang='lat' dir='ltr'><strong>a</strong></span> <span class='ocrx_word' id='word_1_112' title='bbox 1211 1780 1287 1823; x_wconf 87' lang='lat' dir='ltr'><strong>vero</strong></span> 
     </span>
     <span class='ocr_line' id='line_1_15' title="bbox 138 1866 1287 1955; baseline -0.002 -22"><span class='ocrx_word' id='word_1_113' title='bbox 138 1890 239 1952; x_wconf 91' lang='lat' dir='ltr'><strong>quam</strong></span> <span class='ocrx_word' id='word_1_114' title='bbox 261 1868 313 1934; x_wconf 90' lang='lat' dir='ltr'><strong>illi</strong></span> <span class='ocrx_word' id='word_1_115' title='bbox 335 1869 528 1935; x_wconf 86' lang='lat' dir='ltr'><strong>aberrarunt</strong></span> <span class='ocrx_word' id='word_1_116' title='bbox 550 1893 631 1955; x_wconf 91' lang='lat' dir='ltr'><strong>quos</strong></span> <span class='ocrx_word' id='word_1_117' title='bbox 654 1874 730 1936; x_wconf 85' lang='lat' dir='ltr'><strong>ante</strong></span> <span class='ocrx_word' id='word_1_118' title='bbox 752 1869 939 1934; x_wconf 88' lang='lat' dir='ltr'><strong>refellimus.</strong></span> <span class='ocrx_word' id='word_1_119' title='bbox 972 1867 1034 1944; x_wconf 80' lang='lat' dir='ltr'><strong>Qui</strong></span> <span class='ocrx_word' id='word_1_120' title='bbox 1058 1867 1186 1951; x_wconf 88' lang='lat' dir='ltr'><strong>quidem</strong></span> <span class='ocrx_word' id='word_1_121' title='bbox 1205 1866 1287 1932; x_wconf 87' lang='lat' dir='ltr'><strong>scire</strong></span> 
     </span>
     <span class='ocr_line' id='line_1_16' title="bbox 137 1970 1287 2061; baseline -0.003 -22"><span class='ocrx_word' id='word_1_122' title='bbox 137 1977 293 2057; x_wconf 87' lang='lat' dir='ltr'><strong>poterant</strong></span> <span class='ocrx_word' id='word_1_123' title='bbox 319 1998 385 2041; x_wconf 91' lang='lat' dir='ltr'><strong>non</strong></span> <span class='ocrx_word' id='word_1_124' title='bbox 417 1982 551 2061; x_wconf 88' lang='lat' dir='ltr'><strong>propter</strong></span> <span class='ocrx_word' id='word_1_125' title='bbox 583 1970 830 2061; x_wconf 87' lang='lat' dir='ltr'><strong>amplitudinem</strong></span> <span class='ocrx_word' id='word_1_126' title='bbox 864 1978 921 2041; x_wconf 88' lang='lat' dir='ltr'><strong>aut</strong></span> <span class='ocrx_word' id='word_1_127' title='bbox 946 1974 1151 2057; x_wconf 84' lang='lat' dir='ltr'><strong>splendorem</strong></span> <span class='ocrx_word' id='word_1_128' title='bbox 1183 1972 1287 2056; x_wconf 67' lang='lat' dir='ltr'><strong>terrarii</strong></span> 
     </span>
     <span class='ocr_line' id='line_1_17' title="bbox 135 2079 1286 2156; baseline -0.001 -12"><span class='ocrx_word' id='word_1_129' title='bbox 135 2099 259 2146; x_wconf 87' lang='lat' dir='ltr'><strong>nomeu</strong></span> <span class='ocrx_word' id='word_1_130' title='bbox 282 2082 335 2147; x_wconf 83' lang='lat' dir='ltr'><strong>val</strong></span> <span class='ocrx_word' id='word_1_131' title='bbox 363 2083 471 2150; x_wconf 88' lang='lat' dir='ltr'><strong>curiae</strong></span> <span class='ocrx_word' id='word_1_132' title='bbox 498 2085 550 2150; x_wconf 77' lang='lat' dir='ltr'><strong>vel</strong></span> <span class='ocrx_word' id='word_1_133' title='bbox 572 2084 689 2149; x_wconf 90' lang='lat' dir='ltr'><strong>rostris</strong></span> <span class='ocrx_word' id='word_1_134' title='bbox 713 2084 764 2156; x_wconf 86' lang='lat' dir='ltr'><strong>vel</strong></span> <span class='ocrx_word' id='word_1_135' title='bbox 792 2083 949 2148; x_wconf 87' lang='lat' dir='ltr'><strong>tribunali</strong></span> <span class='ocrx_word' id='word_1_136' title='bbox 979 2082 1118 2148; x_wconf 91' lang='lat' dir='ltr'><strong>inditum</strong></span> <span class='ocrx_word' id='word_1_137' title='bbox 1146 2102 1215 2145; x_wconf 88' lang='lat' dir='ltr'><strong>esse</strong></span> <span class='ocrx_word' id='word_1_138' title='bbox 1239 2079 1286 2144; x_wconf 91' lang='lat' dir='ltr'><strong>eis</strong></span> 
     </span>
     <span class='ocr_line' id='line_1_18' title="bbox 136 2187 1286 2274; baseline 0.002 -24"><span class='ocrx_word' id='word_1_139' title='bbox 136 2187 298 2270; x_wconf 85' lang='lat' dir='ltr'><strong>exemplis</strong></span> <span class='ocrx_word' id='word_1_140' title='bbox 321 2210 404 2272; x_wconf 89' lang='lat' dir='ltr'><strong>quae</strong></span> <span class='ocrx_word' id='word_1_141' title='bbox 422 2188 572 2255; x_wconf 86' lang='lat' dir='ltr'><strong>Dukerus</strong></span> <span class='ocrx_word' id='word_1_142' title='bbox 595 2190 778 2274; x_wconf 90' lang='lat' dir='ltr'><strong>composuit</strong></span> <span class='ocrx_word' id='word_1_143' title='bbox 800 2190 941 2269; x_wconf 68' lang='lat' dir='ltr'><strong>inlivii</strong></span> <span class='ocrx_word' id='word_1_144' title='bbox 965 2190 990 2272; x_wconf 93' lang='lat' dir='ltr'><strong>I,</strong></span> <span class='ocrx_word' id='word_1_145' title='bbox 1008 2189 1061 2272; x_wconf 86' lang='lat'><strong>30,</strong></span> <span class='ocrx_word' id='word_1_146' title='bbox 1080 2189 1101 2253; x_wconf 82' lang='lat'><em>2</em></span> <span class='ocrx_word' id='word_1_147' title='bbox 1124 2188 1286 2271; x_wconf 85' lang='lat' dir='ltr'><strong>ceterique</strong></span> 
     </span>
     <span class='ocr_line' id='line_1_19' title="bbox 135 2294 1285 2381; baseline 0 -23"><span class='ocrx_word' id='word_1_148' title='bbox 135 2294 335 2378; x_wconf 88' lang='lat' dir='ltr'><strong>interpretes</strong></span> <span class='ocrx_word' id='word_1_149' title='bbox 358 2296 393 2359; x_wconf 91' lang='lat' dir='ltr'><strong>in</strong></span> <span class='ocrx_word' id='word_1_150' title='bbox 415 2295 510 2380; x_wconf 86' lang='lat' dir='ltr'>VIII,</span> <span class='ocrx_word' id='word_1_151' title='bbox 533 2298 590 2381; x_wconf 85' lang='lat'><strong>35,</strong></span> <span class='ocrx_word' id='word_1_152' title='bbox 611 2299 631 2362; x_wconf 87' lang='grc'>8</span> <span class='ocrx_word' id='word_1_153' title='bbox 656 2300 689 2361; x_wconf 89' lang='lat' dir='ltr'><strong>at</strong></span> <span class='ocrx_word' id='word_1_154' title='bbox 711 2296 837 2381; x_wconf 85' lang='lat' dir='ltr'>XXIII,</span> <span class='ocrx_word' id='word_1_155' title='bbox 857 2299 912 2381; x_wconf 87' lang='lat'><strong>10,</strong></span> <span class='ocrx_word' id='word_1_156' title='bbox 931 2299 965 2381; x_wconf 87' lang='lat'><strong>5,</strong></span> <span class='ocrx_word' id='word_1_157' title='bbox 989 2297 1045 2362; x_wconf 89' lang='lat' dir='ltr'><strong>sed</strong></span> <span class='ocrx_word' id='word_1_158' title='bbox 1069 2295 1155 2381; x_wconf 90' lang='lat' dir='ltr'><strong>quod</strong></span> <span class='ocrx_word' id='word_1_159' title='bbox 1178 2294 1285 2379; x_wconf 90' lang='lat' dir='ltr'><strong>auspi-</strong></span> 
     </span>
     <span class='ocr_line' id='line_1_20' title="bbox 135 2400 1073 2489; baseline 0.001 -23"><span class='ocrx_word' id='word_1_160' title='bbox 135 2400 266 2466; x_wconf 90' lang='lat' dir='ltr'><strong>ciorum</strong></span> <span class='ocrx_word' id='word_1_161' title='bbox 287 2401 497 2468; x_wconf 86' lang='lat' dir='ltr'><strong>caerimoniis</strong></span> <span class='ocrx_word' id='word_1_162' title='bbox 520 2424 576 2468; x_wconf 88' lang='lat' dir='ltr'><strong>eae</strong></span> <span class='ocrx_word' id='word_1_163' title='bbox 599 2404 694 2468; x_wconf 88' lang='lat' dir='ltr'><strong>aedes</strong></span> <span class='ocrx_word' id='word_1_164' title='bbox 719 2404 932 2489; x_wconf 86' lang='lat' dir='ltr'><strong>inauguratae</strong></span> <span class='ocrx_word' id='word_1_165' title='bbox 955 2406 1073 2468; x_wconf 89' lang='lat' dir='ltr'><strong>essent.</strong></span> 
     </span>
    </p>
   </div>
   <div class='ocr_carea' id='block_1_3' title="bbox 135 2613 1285 2787">
    <p class='ocr_par' dir='ltr' id='par_1_3' title="bbox 135 2613 1285 2787">
     <span class='ocr_line' id='line_1_21' title="bbox 228 2613 1285 2701; baseline -0.002 -22"><span class='ocrx_word' id='word_1_166' title='bbox 228 2613 386 2681; x_wconf 83' lang='lat' dir='ltr'><strong>Eiusdem</strong></span> <span class='ocrx_word' id='word_1_167' title='bbox 409 2615 563 2679; x_wconf 88' lang='lat' dir='ltr'><strong>carminis</strong></span> <span class='ocrx_word' id='word_1_168' title='bbox 589 2616 733 2680; x_wconf 78' lang='lat' dir='ltr'><strong>versibus</strong></span> <span class='ocrx_word' id='word_1_169' title='bbox 757 2616 800 2679; x_wconf 77' lang='lat'><strong>39</strong></span> <span class='ocrx_word' id='word_1_170' title='bbox 821 2637 889 2701; x_wconf 89' lang='lat' dir='ltr'><strong>sqq.</strong></span> <span class='ocrx_word' id='word_1_171' title='bbox 917 2614 1143 2680; x_wconf 89' lang='lat' dir='ltr'><strong>derelictorum</strong></span> <span class='ocrx_word' id='word_1_172' title='bbox 1167 2614 1208 2678; x_wconf 89' lang='lat' dir='ltr'><strong>ab</strong></span> <span class='ocrx_word' id='word_1_173' title='bbox 1237 2613 1285 2677; x_wconf 91' lang='lat' dir='ltr'><strong>in-</strong></span> 
     </span>
     <span class='ocr_line' id='line_1_22' title="bbox 135 2719 1285 2787; baseline -0.002 -1"><span class='ocrx_word' id='word_1_174' title='bbox 135 2721 221 2787; x_wconf 90' lang='lat' dir='ltr'><strong>colis</strong></span> <span class='ocrx_word' id='word_1_175' title='bbox 253 2722 320 2786; x_wconf 87' lang='lat' dir='ltr'><strong>suis</strong></span> <span class='ocrx_word' id='word_1_176' title='bbox 352 2719 544 2785; x_wconf 78' lang='lat' dir='ltr'><strong>Pharsalum</strong></span> <span class='ocrx_word' id='word_1_177' title='bbox 582 2722 838 2787; x_wconf 84' lang='lat' dir='ltr'><strong>commeantibus</strong></span> <span class='ocrx_word' id='word_1_178' title='bbox 874 2723 1019 2787; x_wconf 90' lang='lat' dir='ltr'><strong>locorum</strong></span> <span class='ocrx_word' id='word_1_179' title='bbox 1056 2720 1201 2786; x_wconf 90' lang='lat' dir='ltr'><strong>condicio</strong></span> <span class='ocrx_word' id='word_1_180' title='bbox 1238 2720 1285 2784; x_wconf 89' lang='lat' dir='ltr'><strong>sic</strong></span> 
     </span>
    </p>
   </div>
   <div class='ocr_carea' id='block_1_4' title="bbox 134 2827 346 2893">
    <p class='ocr_par' dir='ltr' id='par_1_4' title="bbox 134 2827 346 2893">
     <span class='ocr_line' id='line_1_23' title="bbox 134 2827 346 2893; baseline 0 -1"><span class='ocrx_word' id='word_1_181' title='bbox 134 2827 346 2893; x_wconf 87' lang='lat' dir='ltr'><strong>describitur:</strong></span> 
     </span>
    </p>
   </div>
   <div class='ocr_carea' id='block_1_5' title="bbox 118 2934 1335 4514">
    <p class='ocr_par' dir='ltr' id='par_1_5' title="bbox 272 2934 1099 3018">
     <span class='ocr_line' id='line_1_24' title="bbox 272 2934 1099 3018; baseline 0.001 -20"><span class='ocrx_word' id='word_1_182' title='bbox 272 2934 363 2998; x_wconf 86' lang='lat' dir='ltr'><strong>Rura</strong></span> <span class='ocrx_word' id='word_1_183' title='bbox 385 2935 464 3000; x_wconf 88' lang='lat' dir='ltr'><strong>colit</strong></span> <span class='ocrx_word' id='word_1_184' title='bbox 486 2957 596 3018; x_wconf 89' lang='lat' dir='ltr'><strong>nemo,</strong></span> <span class='ocrx_word' id='word_1_185' title='bbox 620 2936 813 3001; x_wconf 90' lang='lat' dir='ltr'><strong>mollescunt</strong></span> <span class='ocrx_word' id='word_1_186' title='bbox 836 2937 919 3001; x_wconf 91' lang='lat' dir='ltr'><strong>colla</strong></span> <span class='ocrx_word' id='word_1_187' title='bbox 941 2936 1099 3017; x_wconf 89' lang='lat' dir='ltr'><strong>iuuencis,</strong></span> 
     </span>
    </p>

    <p class='ocr_par' dir='ltr' id='par_1_6' title="bbox 275 3040 1285 3128">
     <span class='ocr_line' id='line_1_25' title="bbox 275 3040 1285 3128; baseline 0 -23"><span class='ocrx_word' id='word_1_188' title='bbox 275 3040 350 3105; x_wconf 95' lang='lat' dir='ltr'><strong>Non</strong></span> <span class='ocrx_word' id='word_1_189' title='bbox 373 3041 506 3107; x_wconf 91' lang='lat' dir='ltr'><strong>humilis</strong></span> <span class='ocrx_word' id='word_1_190' title='bbox 531 3043 636 3106; x_wconf 89' lang='lat' dir='ltr'><strong>curuis</strong></span> <span class='ocrx_word' id='word_1_191' title='bbox 660 3049 817 3128; x_wconf 88' lang='lat' dir='ltr'><strong>purgatur</strong></span> <span class='ocrx_word' id='word_1_192' title='bbox 842 3045 938 3109; x_wconf 86' lang='lat' dir='ltr'><strong>uinea</strong></span> <span class='ocrx_word' id='word_1_193' title='bbox 961 3045 1091 3126; x_wconf 88' lang='lat' dir='ltr'><strong>rastris,</strong></span> <span class='ocrx_word' id='word_1_194' title='bbox 1251 3058 1285 3105; x_wconf 82' lang='lat'><strong>40</strong></span> 
     </span>
    </p>

    <p class='ocr_par' dir='ltr' id='par_1_7' title="bbox 272 3146 1134 3232">
     <span class='ocr_line' id='line_1_26' title="bbox 272 3146 1134 3232; baseline 0.003 -22"><span class='ocrx_word' id='word_1_195' title='bbox 272 3146 349 3210; x_wconf 91' lang='lat' dir='ltr'><strong>Non</strong></span> <span class='ocrx_word' id='word_1_196' title='bbox 371 3147 522 3232; x_wconf 82' lang='lat' dir='ltr'><strong>glaebam</strong></span> <span class='ocrx_word' id='word_1_197' title='bbox 545 3170 649 3232; x_wconf 88' lang='lat' dir='ltr'><strong>prono</strong></span> <span class='ocrx_word' id='word_1_198' title='bbox 674 3150 829 3214; x_wconf 88' lang='lat' dir='ltr'><strong>conuellit</strong></span> <span class='ocrx_word' id='word_1_199' title='bbox 854 3172 983 3215; x_wconf 90' lang='lat' dir='ltr'><strong>uomere</strong></span> <span class='ocrx_word' id='word_1_200' title='bbox 1006 3153 1134 3232; x_wconf 87' lang='lat' dir='ltr'><strong>taurus,</strong></span> 
     </span>
    </p>

    <p class='ocr_par' dir='ltr' id='par_1_8' title="bbox 273 3253 1191 3337">
     <span class='ocr_line' id='line_1_27' title="bbox 273 3253 1191 3337; baseline 0.002 -20"><span class='ocrx_word' id='word_1_201' title='bbox 273 3253 350 3318; x_wconf 92' lang='lat' dir='ltr'><strong>Non</strong></span> <span class='ocrx_word' id='word_1_202' title='bbox 374 3255 439 3319; x_wconf 84' lang='lat' dir='ltr'><strong>falx</strong></span> <span class='ocrx_word' id='word_1_203' title='bbox 463 3259 611 3320; x_wconf 87' lang='lat' dir='ltr'><strong>attenuat</strong></span> <span class='ocrx_word' id='word_1_204' title='bbox 634 3255 857 3321; x_wconf 84' lang='lat' dir='ltr'><strong>frondatorum</strong></span> <span class='ocrx_word' id='word_1_205' title='bbox 882 3257 1007 3321; x_wconf 88' lang='lat' dir='ltr'><strong>arboris</strong></span> <span class='ocrx_word' id='word_1_206' title='bbox 1031 3256 1191 3337; x_wconf 89' lang='lat' dir='ltr'><strong>umbram,</strong></span> 
     </span>
    </p>

    <p class='ocr_par' dir='ltr' id='par_1_9' title="bbox 118 3357 1335 4514">
     <span class='ocr_line' id='line_1_28' title="bbox 273 3357 1036 3448; baseline 0.004 -26"><span class='ocrx_word' id='word_1_207' title='bbox 273 3357 429 3443; x_wconf 89' lang='lat' dir='ltr'><strong>Squalida</strong></span> <span class='ocrx_word' id='word_1_208' title='bbox 451 3360 586 3426; x_wconf 83' lang='lat' dir='ltr'><strong>desertis</strong></span> <span class='ocrx_word' id='word_1_209' title='bbox 610 3362 726 3448; x_wconf 82' lang='lat' dir='ltr'><strong>rubigo</strong></span> <span class='ocrx_word' id='word_1_210' title='bbox 752 3364 887 3427; x_wconf 87' lang='lat' dir='ltr'><strong>infertur</strong></span> <span class='ocrx_word' id='word_1_211' title='bbox 911 3363 1036 3426; x_wconf 87' lang='lat' dir='ltr'><strong>aratris.</strong></span> 
     </span>
     <span class='ocr_line' id='line_1_29' title="bbox 132 3464 1284 3552; baseline 0 -22"><span class='ocrx_word' id='word_1_212' title='bbox 132 3465 178 3530; x_wconf 89' lang='lat' dir='ltr'><strong>In</strong></span> <span class='ocrx_word' id='word_1_213' title='bbox 205 3464 325 3548; x_wconf 89' lang='lat' dir='ltr'><strong>quibus</strong></span> <span class='ocrx_word' id='word_1_214' title='bbox 354 3487 419 3529; x_wconf 93' lang='lat' dir='ltr'><strong>non</strong></span> <span class='ocrx_word' id='word_1_215' title='bbox 449 3470 560 3550; x_wconf 89' lang='lat' dir='ltr'><strong>potest</strong></span> <span class='ocrx_word' id='word_1_216' title='bbox 582 3490 646 3533; x_wconf 90' lang='lat' dir='ltr'><strong>non</strong></span> <span class='ocrx_word' id='word_1_217' title='bbox 678 3469 853 3552; x_wconf 88' lang='lat' dir='ltr'><strong>permirum</strong></span> <span class='ocrx_word' id='word_1_218' title='bbox 876 3467 978 3533; x_wconf 85' lang='lat' dir='ltr'><strong>videri</strong></span> <span class='ocrx_word' id='word_1_219' title='bbox 1011 3470 1044 3531; x_wconf 91' lang='lat' dir='ltr'><strong>et</strong></span> <span class='ocrx_word' id='word_1_220' title='bbox 1076 3471 1125 3531; x_wconf 87' lang='lat' dir='ltr'><strong>ter</strong></span> <span class='ocrx_word' id='word_1_221' title='bbox 1154 3466 1217 3531; x_wconf 90' lang='lat' dir='ltr'><strong>dici</strong></span> <span class='ocrx_word' id='word_1_222' title='bbox 1245 3467 1284 3531; x_wconf 89' lang='lat' dir='ltr'><strong>dc</strong></span> 
     </span>
     <span class='ocr_line' id='line_1_30' title="bbox 134 3570 1285 3658; baseline 0 -22"><span class='ocrx_word' id='word_1_223' title='bbox 134 3570 302 3653; x_wconf 87' lang='lat' dir='ltr'><strong>aratione,</strong></span> <span class='ocrx_word' id='word_1_224' title='bbox 332 3592 424 3635; x_wconf 86' lang='lat' dir='ltr'><strong>versu</strong></span> <span class='ocrx_word' id='word_1_225' title='bbox 453 3573 557 3655; x_wconf 91' lang='lat' dir='ltr'><strong>primo</strong></span> <span class='ocrx_word' id='word_1_226' title='bbox 584 3574 681 3638; x_wconf 88' lang='lat' dir='ltr'><strong>tertio</strong></span> <span class='ocrx_word' id='word_1_227' title='bbox 710 3575 837 3658; x_wconf 90' lang='lat' dir='ltr'><strong>quinto,</strong></span> <span class='ocrx_word' id='word_1_228' title='bbox 867 3575 974 3639; x_wconf 92' lang='lat' dir='ltr'><strong>etita</strong></span> <span class='ocrx_word' id='word_1_229' title='bbox 1001 3579 1038 3637; x_wconf 91' lang='lat' dir='ltr'><strong>ut</strong></span> <span class='ocrx_word' id='word_1_230' title='bbox 1066 3573 1117 3638; x_wconf 90' lang='lat' dir='ltr'><strong>bis</strong></span> <span class='ocrx_word' id='word_1_231' title='bbox 1145 3572 1285 3637; x_wconf 86' lang='lat' dir='ltr'><strong>aliorum</strong></span> 
     </span>
     <span class='ocr_line' id='line_1_31' title="bbox 133 3679 1286 3764; baseline 0.003 -24"><span class='ocrx_word' id='word_1_232' title='bbox 133 3698 294 3761; x_wconf 84' lang='lat' dir='ltr'><strong>generum</strong></span> <span class='ocrx_word' id='word_1_233' title='bbox 319 3679 442 3743; x_wconf 90' lang='lat' dir='ltr'><strong>mentio</strong></span> <span class='ocrx_word' id='word_1_234' title='bbox 471 3681 698 3763; x_wconf 88' lang='lat' dir='ltr'><strong>interponatur</strong></span> <span class='ocrx_word' id='word_1_235' title='bbox 725 3703 807 3764; x_wconf 90' lang='lat' dir='ltr'><strong>quae</strong></span> <span class='ocrx_word' id='word_1_236' title='bbox 835 3681 876 3745; x_wconf 90' lang='lat' dir='ltr'><strong>ad</strong></span> <span class='ocrx_word' id='word_1_237' title='bbox 899 3681 1078 3746; x_wconf 88' lang='lat' dir='ltr'><strong>arationem</strong></span> <span class='ocrx_word' id='word_1_238' title='bbox 1105 3679 1188 3745; x_wconf 92' lang='lat' dir='ltr'><strong>nihil</strong></span> <span class='ocrx_word' id='word_1_239' title='bbox 1215 3701 1286 3764; x_wconf 89' lang='lat' dir='ltr'><strong>per·</strong></span> 
     </span>
     <span class='ocr_line' id='line_1_32' title="bbox 132 3781 1285 3852; baseline 0.003 -4"><span class='ocrx_word' id='word_1_240' title='bbox 132 3784 253 3848; x_wconf 88' lang='lat' dir='ltr'><strong>tinent.</strong></span> <span class='ocrx_word' id='word_1_241' title='bbox 295 3781 512 3850; x_wconf 88' lang='lat' dir='ltr'><strong>Desiderabat</strong></span> <span class='ocrx_word' id='word_1_242' title='bbox 548 3786 581 3849; x_wconf 91' lang='lat' dir='ltr'><strong>in</strong></span> <span class='ocrx_word' id='word_1_243' title='bbox 618 3785 668 3850; x_wconf 88' lang='lat' dir='ltr'><strong>his</strong></span> <span class='ocrx_word' id='word_1_244' title='bbox 705 3787 954 3852; x_wconf 90' lang='lat' dir='ltr'><strong>concinnitatem</strong></span> <span class='ocrx_word' id='word_1_245' title='bbox 992 3789 1057 3852; x_wconf 88' lang='lat' dir='ltr'><strong>iam</strong></span> <span class='ocrx_word' id='word_1_246' title='bbox 1090 3786 1285 3852; x_wconf 88' lang='lat' dir='ltr'><strong>Laurentius</strong></span> 
     </span>
     <span class='ocr_line' id='line_1_33' title="bbox 133 3891 1285 3977; baseline 0 -20"><span class='ocrx_word' id='word_1_247' title='bbox 133 3891 341 3957; x_wconf 86' lang='lat' dir='ltr'><strong>Ramiresius</strong></span> <span class='ocrx_word' id='word_1_248' title='bbox 359 3891 398 3955; x_wconf 91' lang='lat' dir='ltr'><strong>de</strong></span> <span class='ocrx_word' id='word_1_249' title='bbox 418 3891 530 3957; x_wconf 90' lang='lat' dir='ltr'><strong>Prato:</strong></span> <span class='ocrx_word' id='word_1_250' title='bbox 550 3892 605 3977; x_wconf 94' lang='lat' dir='ltr'><strong>qui</strong></span> <span class='ocrx_word' id='word_1_251' title='bbox 624 3915 696 3957; x_wconf 87' lang='lat' dir='ltr'><strong>eum</strong></span> <span class='ocrx_word' id='word_1_252' title='bbox 716 3893 749 3957; x_wconf 93' lang='lat' dir='ltr'><strong>in</strong></span> <span class='ocrx_word' id='word_1_253' title='bbox 768 3893 1032 3977; x_wconf 85' lang='lat' dir='ltr'><strong>hypomnematis</strong></span> <span class='ocrx_word' id='word_1_254' title='bbox 1051 3895 1084 3958; x_wconf 93' lang='lat' dir='ltr'><strong>in</strong></span> <span class='ocrx_word' id='word_1_255' title='bbox 1101 3893 1285 3958; x_wconf 85' lang='lat' dir='ltr'><strong>Martialem</strong></span> 
     </span>
     <span class='ocr_line' id='line_1_34' title="bbox 133 3994 1284 4085; baseline 0.003 -23"><span class='ocrx_word' id='word_1_256' title='bbox 133 3998 206 4063; x_wconf 89' lang='lat' dir='ltr'><strong>suis</strong></span> <span class='ocrx_word' id='word_1_257' title='bbox 230 3994 288 4082; x_wconf 89' lang='lat' dir='ltr'><strong>(ad</strong></span> <span class='ocrx_word' id='word_1_258' title='bbox 311 3996 342 4080; x_wconf 93' lang='lat' dir='ltr'><strong>I,</strong></span> <span class='ocrx_word' id='word_1_259' title='bbox 365 3998 422 4082; x_wconf 81' lang='lat'><strong>44)</strong></span> <span class='ocrx_word' id='word_1_260' title='bbox 452 3998 491 4062; x_wconf 89' lang='lat' dir='ltr'><strong>de</strong></span> <span class='ocrx_word' id='word_1_261' title='bbox 519 3999 768 4083; x_wconf 86' lang='lat' dir='ltr'><strong>transponendis</strong></span> <span class='ocrx_word' id='word_1_262' title='bbox 797 4001 941 4064; x_wconf 80' lang='lat' dir='ltr'><strong>versibus</strong></span> <span class='ocrx_word' id='word_1_263' title='bbox 970 4001 1160 4085; x_wconf 83' lang='lat' dir='ltr'><strong>cogitasset,</strong></span> <span class='ocrx_word' id='word_1_264' title='bbox 1187 4001 1284 4085; x_wconf 89' lang='lat' dir='ltr'><strong>longe</strong></span> 
     </span>
     <span class='ocr_line' id='line_1_35' title="bbox 132 4103 1283 4190; baseline 0.003 -23"><span class='ocrx_word' id='word_1_265' title='bbox 132 4104 317 4169; x_wconf 81' lang='lat' dir='ltr'><strong>fortissimo</strong></span> <span class='ocrx_word' id='word_1_266' title='bbox 346 4103 471 4169; x_wconf 89' lang='lat' dir='ltr'><strong>seilicet</strong></span> <span class='ocrx_word' id='word_1_267' title='bbox 505 4109 696 4190; x_wconf 88' lang='lat' dir='ltr'><strong>argumento</strong></span> <span class='ocrx_word' id='word_1_268' title='bbox 723 4107 870 4190; x_wconf 88' lang='lat' dir='ltr'><strong>repulsus</strong></span> <span class='ocrx_word' id='word_1_269' title='bbox 904 4112 953 4171; x_wconf 90' lang='lat' dir='ltr'><strong>est</strong></span> <span class='ocrx_word' id='word_1_270' title='bbox 980 4129 1000 4171; x_wconf 88' lang='lat' dir='ltr'><strong>a</strong></span> <span class='ocrx_word' id='word_1_271' title='bbox 1028 4105 1283 4172; x_wconf 89' lang='lat' dir='ltr'><strong>lIitscherlichio</strong></span> 
     </span>
     <span class='ocr_line' id='line_1_36' title="bbox 133 4209 1283 4307; baseline 0.001 -33"><span class='ocrx_word' id='word_1_272' title='bbox 133 4209 329 4274; x_wconf 87' lang='lat' dir='ltr'><strong>Lectionum</strong></span> <span class='ocrx_word' id='word_1_273' title='bbox 353 4233 383 4294; x_wconf 94' lang='lat' dir='ltr'><strong>p.</strong></span> <span class='ocrx_word' id='word_1_274' title='bbox 407 4212 467 4276; x_wconf 83' lang='lat'><strong>30:</strong></span> <span class='ocrx_word' id='word_1_275' title='bbox 496 4211 567 4276; x_wconf 77' lang='lat' dir='ltr'><strong>‘scd</strong></span> <span class='ocrx_word' id='word_1_276' title='bbox 594 4211 656 4276; x_wconf 91' lang='lat' dir='ltr'><strong>hoc</strong></span> <span class='ocrx_word' id='word_1_277' title='bbox 680 4217 731 4276; x_wconf 89' lang='lat' dir='ltr'><strong>est</strong></span> <span class='ocrx_word' id='word_1_278' title='bbox 758 4218 888 4295; x_wconf 89' lang='lat' dir='ltr'><strong>poetam</strong></span> <span class='ocrx_word' id='word_1_279' title='bbox 914 4213 958 4307; x_wconf 42' lang='lat' dir='ltr'><strong>in,</strong></span> <span class='ocrx_word' id='word_1_280' title='bbox 971 4213 1117 4277; x_wconf 89' lang='lat' dir='ltr'><strong>ordinem</strong></span> <span class='ocrx_word' id='word_1_281' title='bbox 1140 4212 1283 4297; x_wconf 89' lang='lat' dir='ltr'><strong>cogere&#39;:</strong></span> 
     </span>
     <span class='ocr_line' id='line_1_37' title="bbox 134 4316 1335 4403; baseline 0 -23"><span class='ocrx_word' id='word_1_282' title='bbox 134 4336 201 4401; x_wconf 90' lang='lat' dir='ltr'><strong>quo</strong></span> <span class='ocrx_word' id='word_1_283' title='bbox 229 4336 296 4379; x_wconf 90' lang='lat' dir='ltr'><strong>non</strong></span> <span class='ocrx_word' id='word_1_284' title='bbox 324 4316 439 4383; x_wconf 82' lang='lat' dir='ltr'><strong>leviter</strong></span> <span class='ocrx_word' id='word_1_285' title='bbox 466 4318 660 4402; x_wconf 88' lang='lat' dir='ltr'><strong>imposuisse</strong></span> <span class='ocrx_word' id='word_1_286' title='bbox 689 4317 819 4403; x_wconf 82' lang='lat' dir='ltr'><strong>Silligio</strong></span> <span class='ocrx_word' id='word_1_287' title='bbox 849 4318 984 4384; x_wconf 81' lang='lat' dir='ltr'><strong>ridetur.</strong></span> <span class='ocrx_word' id='word_1_288' title='bbox 1025 4319 1206 4385; x_wconf 88' lang='lat' dir='ltr'><strong>Fatendum</strong></span> <span class='ocrx_word' id='word_1_289' title='bbox 1235 4321 1285 4384; x_wconf 90' lang='lat' dir='ltr'><strong>est</strong></span> <span class='ocrx_word' id='word_1_290' title='bbox 1299 4337 1335 4380; x_wconf 86' lang='lat' dir='ltr'><strong>rx</strong></span> 
     </span>
     <span class='ocr_line' id='line_1_38' title="bbox 118 4422 1284 4514; baseline 0.006 -26"><span class='ocrx_word' id='word_1_291' title='bbox 118 4444 216 4489; x_wconf 86' lang='lat' dir='ltr'><strong>¹sane</strong></span> <span class='ocrx_word' id='word_1_292' title='bbox 238 4422 393 4511; x_wconf 90' lang='lat' dir='ltr'><strong>pinguius</strong></span> <span class='ocrx_word' id='word_1_293' title='bbox 416 4444 485 4488; x_wconf 88' lang='lat' dir='ltr'><strong>reru</strong></span> <span class='ocrx_word' id='word_1_294' title='bbox 504 4443 693 4512; x_wconf 87' lang='lat' dir='ltr'><strong>aggressum</strong></span> <span class='ocrx_word' id='word_1_295' title='bbox 714 4446 783 4489; x_wconf 89' lang='lat' dir='ltr'><strong>esse</strong></span> <span class='ocrx_word' id='word_1_296' title='bbox 808 4424 928 4491; x_wconf 87' lang='lat' dir='ltr'><strong>bonum</strong></span> <span class='ocrx_word' id='word_1_297' title='bbox 945 4423 1138 4514; x_wconf 89' lang='lat' dir='ltr'><strong>Hispanum,</strong></span> <span class='ocrx_word' id='word_1_298' title='bbox 1161 4426 1213 4493; x_wconf 89' lang='lat' dir='ltr'><strong>cui</strong></span> <span class='ocrx_word' id='word_1_299' title='bbox 1237 4427 1284 4495; x_wconf 87' lang='lat' dir='ltr'><strong>sic</strong></span> 
     </span>
    </p>
   </div>
   <div class='ocr_carea' id='block_1_6' title="bbox 0 0 1470 5026">
    <p class='ocr_par' dir='ltr' id='par_1_10' title="bbox 0 0 1470 5026">
     <span class='ocr_line' id='line_1_39' title="bbox 0 0 1470 5026; baseline 0 1"><span class='ocrx_word' id='word_1_300' title='bbox 0 0 1470 5026; x_wconf 95' lang='lat' dir='ltr'><strong> </strong></span> 
     </span>
    </p>
   </div>
  </div>
 </body>
</html>
