2932 5026
181 180 244 244 196
539 197 751 244 russanum
775 195 961 243 aurumne.

177 341 229 404 καὶ
252 340 402 418 πιτύρων.
426 377 469 384 -
492 336 584 403 Nihil
609 339 649 403 ad
666 338 817 404 Plautum
839 337 990 422 pertinet,
1012 334 1098 420 quod
1122 334 1224 398 etiam
1248 331 1331 398 ‘sor-

176 446 310 510 bitionis
334 445 587 531 liquidissimum
610 444 724 530 genus’
745 468 765 509 a
784 444 976 531 quibusdam
1000 438 1190 527 ‘apludam'
1213 439 1338 507 haberi

176 551 266 616 Festi
296 553 436 637 epitome
459 551 562 636 addit,
589 551 687 637 ‘quod
713 552 793 640 flatu
816 551 973 616 deiciatur
997 553 1030 615 et
1053 548 1147 634 qnasi
1172 546 1338 633 adpluda-

175 659 254 723 tur’:
277 681 337 744 pro
356 682 420 745 quo
440 659 687 725 ‘sorbitiuncula
705 681 743 724 ex
762 658 864 743 paleis
882 655 980 722 facta'
999 653 1125 743 (suavis
1143 654 1332 720 mehercule

176 767 295 853 potiol)
324 766 533 832 substituitur
560 766 594 831 in
618 766 658 831 A.
679 765 761 831 Maii
784 763 877 831 Novo
900 763 1053 830 nimirum
1076 759 1259 829 ‘thesauro'
1281 761 1329 826 la·

176 872 316 937 tinitatie
339 895 369 957 p
393 872 446 938 54.

726 1051 773 1106 Vl.

264 1175 391 1241 Nonius
414 1199 445 1261 p.
469 1176 527 1261 62,
554 1177 598 1242 32
612 1199 671 1262 sq.:
700 1176 965 1241 ‘exterebrere
993 1178 1045 1238 est
1070 1173 1105 1238 ui
1127 1171 1251 1258 aliquid
1274 1192 1319 1236 ex·
1344 1231 1346 1236 .

176 1286 335 1368 torquere.
382 1281 530 1363 [Plautus
549 1283 664 1349 Persa:
687 1303 876 1366 «namurcum
897 1281 994 1348 hercle
1015 1282 1094 1346 istac
1115 1278 1321 1356 meraca

178 1394 211 1454 tu
232 1394 270 1454 ut
289 1391 334 1455 sis
350 1390 440 1472 petor
461 1410 556 1471 prtum
578 1411 630 1474 epo
653 1391 755 1455 aiem».
777 1391 851 1455 item
874 1389 1072 1455 terebrare.
1094 1388 1177 1453 idem
1195 1384 1322 1452 Baiae

174 1497 280 1561 debus:
311 1496 413 1560 «bunc
439 1497 565 1560 uectum
592 1495 658 1561 illes
675 1497 742 1561 siue
764 1501 792 1561 te
813 1516 934 1562 caerem
957 1518 995 1561 .·:
1017 1500 1054 1561 ut
1075 1495 1240 1563 terebrat».
1267 1494 1322 1574 cel]

176 1605 210 1666 et
232 1603 371 1667 scrutari
394 1605 451 1668 eut
473 1603 630 1669 curiosius
654 1625 816 1688 quaerere.
862 1604 998 1669 Plautus
1021 1602 1056 1667 in
1073 1601 1230 1687 Astraba,
1253 1623 1325 1669 cum

175 1709 210 1773 in
238 1708 401 1774 curiosum
428 1709 602 1776 iaceretur:
635 1711 854 1777 «terebratum
884 1709 1013 1795 quidem
1040 1707 1325 1794 pertundisu.'·-

175 1813 372 1899 Disputandi
400 1838 532 1900 operam
559 1820 597 1881 ut
619 1817 790 1902 compendi
813 1817 967 1903 facerem,
996 1816 1202 1903 grammatici
1227 1815 1329 1881 verbe

175 1921 350 1987 manifesto
381 1923 497 1988 mutila
526 1923 639 1989 statim
666 1924 747 1989 talia
775 1924 870 2010 posui
899 1924 1027 2008 expleta
1053 1923 1183 2008 lacuna,
1216 1922 1329 2009 qualit

175 2028 242 2093 fere
270 2028 348 2093 olim
372 2029 536 2094 exstitisse
560 2031 709 2097 arbitror.
748 2030 975 2097 ‘exterebrare’
999 2031 1143 2115 verbum,
1165 2030 1329 2097 umente

176 2134 305 2219 quidem
329 2135 581 2222 significatione,
604 2139 737 2203 omnino
760 2159 920 2223 nusquam
944 2141 1052 2203 exstat
1074 2137 1173 2204 hodie
1195 2116 1328 2222 pfaeter

175 2241 293 2308 Persae
309 2266 345 2320 u.
369 2243 443 2330 237,
467 2248 501 2310 et
522 2244 622 2311 habet
644 2244 691 2309 ibi
713 2266 825 2309 revera
848 2243 1058 2330 extorquendi
1081 2243 1161 2309 vim:
1185 2241 1228 2310 ad
1251 2264 1327 2309 eau-

175 2349 311 2435 demque
342 2352 409 2416 vim
437 2352 582 2437 proxime
606 2351 730 2418 accedit
753 2353 787 2416 in
810 2350 1027 2417 Bacchidibus
1055 2373 1084 2416 v.
1110 2351 1196 2416 1198
1228 2348 1328 2415 ‘tere

175 2456 281 2522 brere'
310 2459 361 2523 cui
389 2481 504 2543 perum
531 2464 618 2525 recte
641 2462 831 2544 comparant
853 2455 1062 2543 ‘expalpare'‚
1089 2457 1210 2524 rectius
1234 2459 1326 2541 pote·

175 2567 249 2628 rant
267 2563 476 2651 ‘exsculpere'
495 2566 694 2632 Plautinum.
721 2566 823 2633 Porro
843 2570 953 2631 autem
971 2586 1044 2631 cum
1058 2562 1145 2649 apud
1159 2568 1328 2630 auctorem

176 2694 268 2735 suurn
291 2671 418 2739 Nonius
448 2675 571 2760 legeret
599 2673 698 2740 etiam
726 2674 766 2738 ad
790 2672 1001 2738 ‘scrutantem
1024 2675 1057 2736 et
1080 2670 1205 2735 curiose
1229 2692 1328 2756 quae·

175 2778 315 2843 rentom’
346 2781 529 2847 terebrandi
557 2781 724 2846 notionem
747 2780 1047 2862 translatumesse,
1074 2777 1237 2864 simulque
1261 2779 1328 2843 levi

176 2886 293 2950 calami
321 2887 413 2972 lapsu
441 2889 624 2954 terebratum
651 2889 808 2972 scriptum
837 2887 973 2970 videret,
1002 2886 1065 2950 hoc
1092 2889 1251 2951 consueta
1273 2907 1326 2951 so·

176 2989 287 3054 cordia
318 2992 416 3058 homo
449 2992 588 3058 stolidus
619 3016 679 3078 pro
712 2993 885 3078 participio
917 2992 1041 3058 habens
1074 2993 1224 3076 exemplo
1255 3015 1328 3059 ease

176 3097 277 3180 ipsius
306 3098 493 3166 ‘terebrare'
521 3100 609 3166 verbi
639 3103 773 3186 putavit
819 3101 937 3166 Plauto
961 3100 1047 3165 enim
1070 3099 1212 3165 dubitari
1235 3122 1329 3186 pror·

176 3226 230 3267 sus
267 3207 380 3291 nequit
415 3208 493 3293 quin
529 3231 621 3274 suum
654 3208 822 3275 Turnebus
859 3210 906 3274 sic
942 3207 1118 3274 reddiderit
1150 3205 1328 3274 Adversar.

175 3308 293 3398 XXIX,
320 3315 374 3380 19:

110 3486 114 3495 ·
137 3453 161 3492 ¹³
322 3454 490 3523 Terebra
512 3460 553 3522 tu
576 3458 726 3542 quidem
750 3457 951 3542 pertundis
974 3505 1171 3525 .......

175 3593 236 3660 Illa
253 3620 334 3683 quae
354 3602 430 3663 sunt
448 3598 533 3662 ‘cum
551 3599 587 3663 in
605 3601 768 3664 curiosum
782 3598 955 3665 iocaretur’
971 3597 1040 3684 (ubi
1055 3599 1208 3666 locaretur
1220 3598 1328 3687 codd.)

175 3705 379 3788 grammatici
403 3705 502 3770 verba
524 3728 604 3790 esse,
626 3728 692 3771 non
714 3711 839 3792 poetae,
861 3707 985 3792 primus
1009 3706 1177 3791 perspexit
1193 3705 1326 3792 Lipsius

176 3809 310 3895 Antiqu.
334 3812 407 3879 leet.
430 3811 487 3897 IV,
514 3815 563 3880 17.

718 4063 779 4119 Vll.

265 4187 392 4257 Nouius
412 4215 442 4277 p.
461 4192 535 4277 376,
553 4192 588 4257 3:
611 4189 656 4256 ‘et
679 4192 831 4277 quoniam
853 4190 1004 4256 nonnulli
1026 4193 1175 4256 ueterum
1197 4213 1259 4276 pro
1276 4212 1325 4274 co,

176 4298 262 4382 quod
290 4300 468 4383 protinus
496 4305 559 4380 est,
588 4300 781 4384 protinam
811 4298 860 4363 vel
885 4299 1060 4383 protenis
1084 4302 1327 4383 conuertemnt,
