2932 5026
267 111 548 161 nununsmouvn
572 111 872 160 cnnvnnmunnvu
896 111 1008 160 nnnns.
1141 95 1205 162 597

93 251 186 328 Quodsi
212 254 286 339 quis
312 254 395 320 illud
427 255 536 338 ipsum
563 256 710 337 expetat,
743 260 779 318 ut
806 276 872 319 non
900 253 1062 338 ‘quando'
1091 255 1210 338 potius,

91 380 162 442 quom
193 360 249 427 ‘ex
279 360 361 447 qno’
394 361 515 427 amoris
548 361 696 425 miserias
729 361 822 445 virgo
851 360 953 445 passa
985 361 1043 444 sit,
1075 361 1210 445 dicatur,

89 486 165 552 eoque
190 474 225 534 et
250 469 392 534 adsiduis
421 467 551 532 tudetes
578 470 611 531 et
637 469 741 550 asopo
772 469 861 533 verbi
890 468 1056 533 notionem
1082 469 1210 551 flectere

87 570 228 658 instituat,
260 574 383 658 poterit
413 573 447 638 id
475 573 532 638 ille
566 573 696 658 quidem
727 573 813 638 haud
846 573 973 639 difficili
1003 575 1135 659 negotio
1163 575 1210 640 sio

84 680 217 764 consequi
249 684 287 745 ut
323 681 363 745 de
395 679 508 764 elapsa
539 681 580 744 ab
618 679 713 745 initio
746 678 862 744 vocula
894 681 1028 764 cogitet:
1070 681 1140 746 Illa
1166 703 1212 747 eu

81 788 247 869 espessa,
270 808 361 870 qowm
381 811 438 851 -:
461 790 496 852 at
518 791 555 850 ut
579 786 647 851 sins
672 792 781 850 tamen
799 785 939 851 rationis
962 788 1054 853 nulla
1078 810 1210 873 prorsus

77 893 113 957 sit
126 894 312 960 necessitas.
344 894 478 959 Etenim
497 917 517 958 a
535 893 655 958 misera
673 893 820 958 desertas
837 893 1001 959 Ariadnae
1020 894 1209 959 condicione

73 997 275 1067 describenda
311 1022 444 1066 exorsus
486 1004 583 1084 poeta
619 1022 705 1064 nunc
741 987 901 1086 primum,
942 1023 1038 1084 quam
1079 1000 1210 1065 tandem

69 1129 211 1175 uussun
240 1130 279 1173 ea
306 1106 480 1172 calamitas
508 1106 614 1171 omnis
644 1105 809 1189 habuerit,
837 1107 1029 1191 simpliciter
1058 1111 1090 1170 et
1117 1127 1211 1192 gens·

10 1226 12 1233 '
65 1214 161 1279 ratim
184 1215 232 1280 sic
253 1213 432 1299 significat:
457 1213 593 1298 ‘qnippe
616 1213 648 1277 id
673 1218 742 1278 tum
766 1214 839 1298 fuit,
862 1237 934 1279 oum
954 1214 1075 1279 nobilis
1094 1214 1152 1278 illa
1176 1215 1211 1279 in

64 1318 194 1387 Gmtnnn
217 1321 357 1386 insulam
380 1321 524 1386 accessio
548 1321 635 1385 facta
654 1325 703 1385 est
726 1320 806 1385 duce
825 1320 975 1387 Theseo'.
1009 1320 1101 1405 Quid,
1125 1320 1209 1405 quod

60 1449 102 1494 ne
126 1428 208 1492 satis
232 1427 400 1492 commode
424 1427 568 1512 quidem,
596 1450 634 1492 en
658 1449 721 1511 quo
750 1431 896 1510 tempore
919 1428 954 1492 in
977 1429 1096 1493 amoris
1124 1427 1210 1492 suro·

59 1554 131 1599 rem
157 1533 252 1619 virgo
280 1533 459 1618 incidisset,
488 1534 554 1598 iam
581 1533 644 1598 hoe
673 1534 745 1599 loco
773 1534 945 1598 diceretur:
973 1535 1007 1599 id
1030 1536 1115 1599 euim
1139 1535 1209 1619 ipss

58 1643 160 1726 poeta
181 1639 294 1724 paullo
317 1642 392 1723 post
415 1640 544 1706 demum
569 1640 739 1724 exequitur
763 1640 836 1704 inde
860 1662 880 1703 n
903 1663 931 1704 v.
950 1641 1007 1706 85:
1039 1642 1141 1724 Atque
1164 1644 1209 1707 iu

57 1768 139 1812 nuos
161 1746 220 1812 leui
241 1747 343 1810 niceros
364 1766 402 1810 uo
424 1746 541 1810 heduos
563 1748 652 1810 nuris
671 1747 915 1829 Mopnuuimum-
932 1748 975 1810 ud
994 1748 1107 1812 Minoo
1128 1750 1210 1814 seuit
1337 1734 1347 1749 ⁵

56 1855 201 1937 suffusum
216 1851 372 1934 superbus.
403 1852 500 1917 Hune
517 1853 612 1917 sinum
629 1873 666 1917 ac
683 1853 791 1934 cupido
808 1854 964 1934 conspexit
987 1853 1102 1918 tumissa
1123 1855 1208 1936 oirpo

57 1961 161 2044 Repiu
166 2007 307 2039 ......
336 1959 411 2024 Nou
428 1961 521 2040 prius
543 1979 580 2024 eu
602 1959 656 2024 illo
682 1958 854 2041 stuprando
876 1958 1039 2024 &dinavit
1060 1958 1209 2038 Lumina,

57 2089 155 2151 quum
181 2072 289 2133 moneto
319 2068 452 2149 concepit
477 2087 600 2148 corpore
625 2066 801 2147 fluuiorum,
832 2065 992 2129 Funditus
1019 2069 1109 2146 atqua
1136 2066 1209 2130 imis

57 2175 178 2242 &ursii
210 2177 273 2238 totu
304 2171 453 2237 maiales.
490 2170 628 2255 Parique
661 2191 793 2254 prorsus
825 2172 952 2236 ratione
985 2194 1004 2235 a
1035 2171 1141 2254 primo
1173 2172 1208 2235 in

56 2281 205 2348 insulam
231 2279 371 2345 sdvemu
403 2279 545 2364 primum
578 2277 611 2341 in
644 2278 734 2363 regia
765 2281 932 2361 aspectum
964 2278 1037 2360 ipsa
1063 2277 1262 2349 Ariadnam

56 2379 267 2454 discriminat
295 2407 324 2450 v.
355 2387 416 2451 172
441 2408 524 2471 sqq.:
564 2386 687 2450 utissom
718 2405 756 2448 ne
790 2389 920 2465 tempore
949 2386 1056 2465 prium
1088 2384 1209 2450 Gnosso

58 2493 224 2576 Cecropiae
255 2494 420 2575 tetipissent
450 2493 544 2556 litora
570 2511 705 2573 puppes,
738 2489 894 2554 Iudonoito
920 2510 974 2553 nec
1005 2490 1077 2553 dira
1106 2491 1209 2570 sereres

57 2601 216 2684 scopaffiu
248 2605 338 2664 tauro
369 2599 512 2680 Perfidus
544 2599 578 2661 iu
610 2596 732 2661 Cretam
764 2596 919 2677 relipusset
949 2597 1058 2660 nauita
1084 2597 1207 2676 lunare:

58 2708 126 2772 Nec
149 2706 253 2770 malcus
274 2705 331 2788 oa,
354 2705 456 2770 cetoros
478 2703 561 2767 decisi
583 2702 720 2765 errodeliu
740 2701 845 2780 furnio
868 2700 1016 2779 Uenutio,
1038 2703 1073 2765 in
1095 2705 1208 2768 uostris

56 2813 222 2896 requiesset
253 2810 373 2875 salibus
408 2810 520 2891 hospes,
567 2806 667 2870 Vides
699 2807 817 2872 sedibus
848 2807 986 2889 superbis
1018 2808 1138 2873 Minois
1174 2809 1207 2874 in
1235 2843 1243 2860 ·

56 2921 169 3005 priore
198 2919 271 2984 loco
299 2918 492 3000 respondere
520 2915 554 2978 in
582 2914 644 2978 hoc
668 2919 788 2978 nostrus
810 2915 905 2978 sedes:
934 2936 1044 2998 parem
1073 2919 1110 2980 ut
1133 2937 1206 2980 con·

57 3027 257 3092 cinnitatem
285 3027 535 3088 consentaneum
565 3043 642 3085 sane
671 3020 818 3083 videatur
850 3020 935 3082 inter
963 3021 1083 3084 Genusia
1115 3022 1208 3085 litora

57 3130 260 3198 intercedere
283 3134 316 3193 et
337 3131 448 3193 iniusti
471 3131 550 3212 repis
569 3128 738 3210 Gemmas
761 3148 827 3189 non
851 3126 955 3209 aedes,
979 3127 1034 3189 sod
1057 3129 1206 3213 regiones

57 3239 91 3304 h.
114 3261 142 3303 e.
165 3259 234 3302 non
257 3241 345 3314 tectu
374 3236 429 3299 sed
453 3236 578 3316 conopia,
607 3232 638 3297 id
669 3232 754 3318 quod
779 3237 812 3296 et
839 3233 872 3297 in
900 3231 1092 3316 quibusdam
1120 3233 1206 3298 haud

58 3345 168 3411 malae
200 3347 299 3408 notae
331 3342 424 3405 libris
453 3364 529 3405 mss.
562 3346 726 3424 repertum
760 3343 825 3421 est,
857 3345 891 3401 et
922 3361 960 3402 ex
993 3344 1088 3417 tuoto,
1121 3339 1206 3424 quod

59 3449 280 3516 Santenianus
304 3471 377 3513 oum
402 3447 529 3513 Datano
552 3446 777 3531 prodiderunt,
805 3445 951 3529 profecto
974 3468 1040 3511 nun
1063 3447 1101 3509 fit
1124 3446 1206 3510 diffi-

59 3558 155 3623 cilius
188 3578 287 3640 quam
324 3555 398 3619 inde
430 3555 471 3619 ab
504 3554 645 3618 editione
683 3554 828 3636 principe
864 3554 1040 3637 propagari
1073 3553 1206 3617 solitum

59 3670 146 3730 tectu.
187 3661 235 3726 Vt
262 3681 303 3724 ne
331 3683 410 3743 opus
439 3661 568 3745 quidem
597 3661 641 3724 sit
672 3663 929 3745 permutatorum
957 3660 1042 3723 inter
1069 3680 1103 3721 se
1132 3664 1207 3722 tecto

59 3777 93 3835 et
117 3769 232 3851 templu
254 3767 422 3830 nominum
447 3767 616 3851 exemplis,
640 3767 749 3851 qualia
772 3765 981 3849 suppeditant
999 3764 1205 3829 Burmannus

58 3879 96 3941 in
118 3874 209 3940 Poet
232 3872 290 3936 lot.
314 3871 390 3935 min.
413 3872 476 3936 sol.
496 3871 527 3936 ΙΙ
551 3895 581 3956 p.
604 3872 665 3937 189
685 3895 745 3956 sq.‚
769 3870 1002 3935 Wakefieldins
1026 3871 1061 3935 in
1079 3869 1205 3936 Lucret

57 3983 102 4067 11,
125 3982 178 4046 28.
206 3978 252 4044 Et
271 3979 439 4043 tutabatur
462 3979 496 4043 in
520 4002 577 4043 suo
596 3979 681 4044 libro
701 3982 862 4062 repertam
882 3977 994 4058 templu
1012 3975 1205 4060 scripturam

57 4085 220 4172 Iosephus
247 4082 393 4168 Scaliger
420 4085 482 4149 hac
510 4084 731 4149 adnotatione:
764 4083 871 4159 ‘Quod
899 4083 1057 4162 ἀρχαϊκῶς
1085 4085 1205 4149 dictum

59 4194 103 4262 ab
134 4194 203 4259 illo.
244 4214 322 4257 nam
354 4192 465 4258 omnia
497 4191 568 4257 loca
600 4190 723 4275 templa
755 4190 917 4258 vocabant
948 4192 1081 4254 veteres.
1122 4188 1205 4256 Vids
