2932 5026
575 1221 690 1305 XVI.

209 1325 536 1476 Emendationum
563 1393 878 1477 Catullianamm
905 1395 1057 1496 trias.*)

149 1731 261 1817 Nuper
287 1756 360 1799 cum
388 1734 424 1797 in
452 1735 627 1800 seminario
654 1740 767 1799 nostro
796 1734 994 1818 philologico
1018 1735 1203 1820 disputandi
1218 1757 1256 1797 111

116 1842 197 1906 teria
220 1841 321 1905 allata
340 1845 427 1905 esset
450 1862 467 1904 e
486 1839 643 1906 Catullo
667 1843 780 1924 petita,
803 1840 921 1905 accidit
944 1842 1029 1926 quod
1047 1864 1112 1909 non
1130 1867 1204 1912 raro

116 1971 121 2011 ι
145 1948 245 2029 venit,
269 1951 306 2011 nt
329 1948 363 2010 in
387 1969 495 2012 errore
518 1947 705 2033 indagando
731 1947 879 2033 sagacior
902 1971 999 2033 qnam
1022 1949 1147 2016 felicior
1170 1953 1205 2016 in

116 2053 249 2118 eniendo
278 2074 354 2117 vero
387 2059 560 2137 appareret
592 2055 646 2139 qui
681 2054 759 2118 illuc
793 2054 878 2118 haud
912 2054 1111 2121 infructuosa
1140 2059 1204 2123 sibi

116 2159 167 2224 dia
185 2160 376 2224 contulerat.
413 2159 516 2235 Quem
536 2161 653 2244 quibus
673 2161 735 2225 viia
755 2161 794 2225 ad
819 2161 862 2245 id,
885 2162 971 2246 quod
995 2185 1065 2227 csse
1088 2166 1204 2248 proba·

116 2266 322 2348 adderetur,
350 2267 569 2331 deducendum
596 2268 798 2350 putavimus,
827 2267 908 2332 libet
935 2290 1019 2334 nunc
1046 2267 1204 2335 disserere

116 2373 167 2437 llo
200 2372 407 2455 explicatius,
438 2373 628 2456 praesertim
658 2395 731 2437 cnm
765 2373 876 2457 aliqua
906 2395 945 2438 cx
978 2380 1071 2457 parte
1103 2377 1203 2440 etiam

116 2480 220 2544 endari
244 2479 296 2543 vel
321 2479 462 2562 suppleri
486 2500 596 2562 posse,
621 2485 796 2563 quactum
820 2480 1073 2564 significavimus
1096 2482 1202 2566 magis

116 2608 155 2649 un
179 2586 341 2668 persecuti
366 2608 489 2668 sumus,
513 2586 691 2651 videantur.

146 2690 260 2776 ltaque
289 2694 323 2756 in
352 2691 611 2775 epithalamio
635 2692 742 2756 Pelei
770 2697 883 2776 atque
907 2693 1086 2757 Thetidis
1117 2695 1202 2778 quod

116 2799 178 2862 itur
202 2821 230 2862 v.
258 2799 320 2862 100
344 2799 382 2862 de
406 2799 550 2862 Ariadna
573 2803 746 2881 conspecto
770 2798 896 2863 Theseo
921 2800 1169 2883 expallesceute:

216 2906 363 2980 Quantos
387 2905 444 2969 illa
467 2906 544 2968 tulit
567 2905 735 2990 languenti
759 2905 854 2970 corde
878 2906 1024 2970 timores!

217 3009 345 3085 Quanto
370 3034 464 3095 saepe
490 3012 595 3096 magis
619 3011 745 3094 fulgore
769 3010 925 3093 expalluit
948 3014 1032 3077 auri!

116 3136 140 3178 ’e
164 3116 366 3180 intellectum
390 3120 529 3182 estnon
552 3118 698 3199 potuisse
717 3117 763 3180 sic
787 3118 884 3182 scribi
905 3141 925 3181 a
944 3116 1083 3184 Catullo.
1115 3121 1200 3186 Nam

116 3221 138 3285 »d
173 3243 271 3305 saepe
304 3223 341 3285 fit
373 3223 647 3304 commodissime,
686 3227 721 3286 nt
757 3246 815 3306 pro
850 3247 928 3289 auro
965 3232 1081 3308 poetae
1114 3227 1200 3291 ‘auri

116 3326 233 3411 gorem'
262 3328 372 3392 dicant
399 3329 490 3392 iuxta
514 3351 586 3391 cum
617 3329 778 3392 similibus
807 3332 963 3413 centania,
991 3331 1024 3395 id
1052 3339 1198 3415 apertum

125 3435 202 3499 ilico
223 3435 397 3498 absurdum
423 3435 502 3517 fieri,
526 3435 581 3498 nbi
601 3435 630 3498 ei
651 3434 695 3496 rei
720 3436 789 3497 auri
809 3437 1009 3519 comparatio
1028 3437 1201 3502 adhibetur

116 3563 136 3605 e
155 3539 294 3625 fulgoris
313 3541 438 3604 notioni
457 3544 524 3603 tam
544 3545 594 3603 est
613 3542 777 3605 contraria
795 3565 891 3626 quam
906 3542 1069 3626 splendori
1088 3543 1200 3625 pallor.

116 3668 123 3710 ε
151 3645 300 3729 profecto
329 3647 368 3710 de
392 3668 430 3711 eo
455 3669 533 3710 auro
563 3648 648 3731 quod
678 3648 783 3732 fulget
806 3649 857 3713 vel
880 3649 1015 3714 Ovidius
1044 3649 1201 3732 cogitavit

116 3775 185 3817 am.
209 3753 346 3835 x1‚145
369 3775 447 3816 urvo
468 3775 546 3817 acero
570 3756 705 3818 oradidts
722 3755 875 3835 pallentia
896 3757 1011 3839 pluebis
1034 3756 1144 3820 dicens
1167 3761 1201 3820 et

116 3860 172 3923 lem
202 3882 232 3924 r.
261 3860 323 3924 110
349 3882 461 3925 susum
483 3882 598 3942 qnoque
620 3862 738 3943 palluit
759 3884 851 3941 auro,
879 3865 931 3928 vel
961 3861 1059 3926 Silius
1084 3863 1112 3945 Ι,
1136 3864 1200 3926 233

116 3970 130 4030 l
162 3967 276 4046 infelix
308 3967 416 4046 effosso
448 3968 585 4031 concolor
617 3989 696 4031 utero
729 3973 762 4031 et
793 3969 940 4032 imitator
972 3966 1043 4031 Silii
1077 3966 1199 4032 Statius
1214 3988 1248 4027 1v

124 4233 151 4297 ⁸)
167 4227 357 4300 [Prooemium
370 4232 527 4286 scholarum
538 4230 716 4285 hibernarum
727 4231 913 4285 Bonnensinm
924 4249 949 4287 a.
963 4231 1199 4286 ClOlOCCCLVll

116 4317 202 4373 .V111:
227 4318 328 4374 iterum
353 4320 381 4374 in
406 4321 548 4389 publicum
568 4320 700 4373 emissum
720 4321 747 4373 in
769 4320 992 4375 ‘Prooemiornm
1012 4320 1198 4374 Bonnensium

116 4407 177 4462 sdc’
197 4427 224 4464 n.
244 4407 303 4479 lx]

116 4516 150 4549 νι
165 4517 315 4551 arraonamr
330 4517 463 4552 orvscvaa
483 4519 523 4551 nr.
951 4506 985 4553 38
