<?xml version="1.0" encoding="UTF-8"?>
<!DOCTYPE html PUBLIC "-//W3C//DTD XHTML 1.0 Transitional//EN"
    "http://www.w3.org/TR/xhtml1/DTD/xhtml1-transitional.dtd">
<html xmlns="http://www.w3.org/1999/xhtml" xml:lang="en" lang="en">
 <head>
  <title>
</title>
<meta http-equiv="Content-Type" content="text/html;charset=utf-8" />
  <meta name='ocr-system' content='tesseract 3.04.00' />
  <meta name='ocr-capabilities' content='ocr_page ocr_carea ocr_par ocr_line ocrx_word'/>
</head>
<body>
  <div class='ocr_page' id='page_1' title='image "./fridericiritsch02ritsgoog_0237.png"; bbox 0 0 2956 5018; ppageno 0'>
   <div class='ocr_carea' id='block_1_1' title="bbox 185 307 981 388">
    <p class='ocr_par' dir='ltr' id='par_1_1' title="bbox 185 307 981 388">
     <span class='ocr_line' id='line_1_1' title="bbox 185 307 981 388; baseline 0.004 -17"><span class='ocrx_word' id='word_1_1' title='bbox 185 307 251 372; x_wconf 79' lang='lat'><strong>206</strong></span> <span class='ocrx_word' id='word_1_2' title='bbox 535 327 565 374; x_wconf 91' lang='lat' dir='ltr'><strong>c.</strong></span> <span class='ocrx_word' id='word_1_3' title='bbox 588 327 739 377; x_wconf 80' lang='lat' dir='ltr'><strong>avarem</strong></span> <span class='ocrx_word' id='word_1_4' title='bbox 762 328 981 388; x_wconf 74' lang='lat' dir='ltr'><strong>ranncvmci</strong></span> 
     </span>
    </p>
   </div>
   <div class='ocr_carea' id='block_1_2' title="bbox 229 463 1308 661">
    <p class='ocr_par' dir='ltr' id='par_1_2' title="bbox 229 463 1308 661">
     <span class='ocr_line' id='line_1_2' title="bbox 230 463 1216 551; baseline 0.003 -22"><span class='ocrx_word' id='word_1_5' title='bbox 230 463 317 531; x_wconf 88' lang='lat' dir='ltr'><strong>Dum</strong></span> <span class='ocrx_word' id='word_1_6' title='bbox 340 465 487 532; x_wconf 84' lang='lat' dir='ltr'><strong>Africani</strong></span> <span class='ocrx_word' id='word_1_7' title='bbox 510 491 623 534; x_wconf 90' lang='lat' dir='ltr'><strong>uocem</strong></span> <span class='ocrx_word' id='word_1_8' title='bbox 646 471 789 537; x_wconf 90' lang='lat' dir='ltr'><strong>diuinam</strong></span> <span class='ocrx_word' id='word_1_9' title='bbox 813 471 920 536; x_wconf 88' lang='lat' dir='ltr'><strong>inhiat</strong></span> <span class='ocrx_word' id='word_1_10' title='bbox 942 469 1048 534; x_wconf 84' lang='lat' dir='ltr'><strong>auidis</strong></span> <span class='ocrx_word' id='word_1_11' title='bbox 1072 469 1216 551; x_wconf 67' lang='lat' dir='ltr'><strong>auribus,</strong></span> 
     </span>
     <span class='ocr_line' id='line_1_3' title="bbox 229 571 1308 661; baseline 0.002 -24"><span class='ocrx_word' id='word_1_12' title='bbox 229 571 316 638; x_wconf 88' lang='lat' dir='ltr'><strong>Dum</strong></span> <span class='ocrx_word' id='word_1_13' title='bbox 339 573 380 638; x_wconf 87' lang='lat' dir='ltr'><strong>ad</strong></span> <span class='ocrx_word' id='word_1_14' title='bbox 402 572 533 639; x_wconf 91' lang='lat' dir='ltr'><strong>Philum</strong></span> <span class='ocrx_word' id='word_1_15' title='bbox 557 599 591 641; x_wconf 87' lang='lat' dir='ltr'><strong>ee</strong></span> <span class='ocrx_word' id='word_1_16' title='bbox 615 577 755 642; x_wconf 86' lang='lat' dir='ltr'><strong>cenitare</strong></span> <span class='ocrx_word' id='word_1_17' title='bbox 779 579 812 642; x_wconf 91' lang='lat' dir='ltr'><strong>et</strong></span> <span class='ocrx_word' id='word_1_18' title='bbox 834 577 980 643; x_wconf 87' lang='lat' dir='ltr'><strong>Laelium</strong></span> <span class='ocrx_word' id='word_1_19' title='bbox 1004 575 1178 661; x_wconf 87' lang='lat' dir='ltr'><strong>pulchrum</strong></span> <span class='ocrx_word' id='word_1_20' title='bbox 1201 577 1308 660; x_wconf 82' lang='lat' dir='ltr'><strong>putat,</strong></span> 
     </span>
    </p>
   </div>
   <div class='ocr_carea' id='block_1_3' title="bbox 144 679 1359 1306">
    <p class='ocr_par' dir='ltr' id='par_1_3' title="bbox 144 679 1359 1306">
     <span class='ocr_line' id='line_1_4' title="bbox 229 679 1307 769; baseline 0.001 -23"><span class='ocrx_word' id='word_1_21' title='bbox 229 681 315 747; x_wconf 91' lang='lat' dir='ltr'><strong>Dum</strong></span> <span class='ocrx_word' id='word_1_22' title='bbox 338 683 373 748; x_wconf 92' lang='lat' dir='ltr'><strong>in</strong></span> <span class='ocrx_word' id='word_1_23' title='bbox 396 679 560 749; x_wconf 82' lang='lat' dir='ltr'><strong>Albanum</strong></span> <span class='ocrx_word' id='word_1_24' title='bbox 584 685 697 750; x_wconf 90' lang='lat' dir='ltr'><strong>crebro</strong></span> <span class='ocrx_word' id='word_1_25' title='bbox 721 686 846 769; x_wconf 78' lang='lat' dir='ltr'><strong>rapitur</strong></span> <span class='ocrx_word' id='word_1_26' title='bbox 868 685 910 750; x_wconf 93' lang='lat' dir='ltr'><strong>ob</strong></span> <span class='ocrx_word' id='word_1_27' title='bbox 933 685 1047 750; x_wconf 87' lang='lat' dir='ltr'>florem</span> <span class='ocrx_word' id='word_1_28' title='bbox 1070 684 1190 750; x_wconf 85' lang='lat' dir='ltr'><strong>aetatis</strong></span> <span class='ocrx_word' id='word_1_29' title='bbox 1213 704 1307 748; x_wconf 82' lang='lat' dir='ltr'><strong>auae:</strong></span> 
     </span>
     <span class='ocr_line' id='line_1_5' title="bbox 144 787 1273 876; baseline 0.002 -23"><span class='ocrx_word' id='word_1_30' title='bbox 144 803 171 843; x_wconf 76' lang='lat'><strong>²8</strong></span> <span class='ocrx_word' id='word_1_31' title='bbox 230 787 304 854; x_wconf 87' lang='lat' dir='ltr'><strong>Suis</strong></span> <span class='ocrx_word' id='word_1_32' title='bbox 327 790 480 874; x_wconf 83' lang='lat' dir='ltr'><strong>postlatis</strong></span> <span class='ocrx_word' id='word_1_33' title='bbox 503 792 600 857; x_wconf 85' lang='lat' dir='ltr'><strong>rebus</strong></span> <span class='ocrx_word' id='word_1_34' title='bbox 623 793 664 858; x_wconf 88' lang='lat' dir='ltr'><strong>ad</strong></span> <span class='ocrx_word' id='word_1_35' title='bbox 687 814 847 859; x_wconf 81' lang='lat' dir='ltr'><strong>summam</strong></span> <span class='ocrx_word' id='word_1_36' title='bbox 871 793 1016 876; x_wconf 91' lang='lat' dir='ltr'><strong>inopiam</strong></span> <span class='ocrx_word' id='word_1_37' title='bbox 1038 790 1189 857; x_wconf 75' lang='lat' dir='ltr'><strong>redactus</strong></span> <span class='ocrx_word' id='word_1_38' title='bbox 1211 794 1273 855; x_wconf 81' lang='lat' dir='ltr'><strong>eat</strong></span> 
     </span>
     <span class='ocr_line' id='line_1_6' title="bbox 230 895 1359 984; baseline 0.004 -26"><span class='ocrx_word' id='word_1_39' title='bbox 230 895 345 980; x_wconf 87' lang='lat' dir='ltr'><strong>Itaque</strong></span> <span class='ocrx_word' id='word_1_40' title='bbox 381 919 420 962; x_wconf 84' lang='lat' dir='ltr'><strong>ex</strong></span> <span class='ocrx_word' id='word_1_41' title='bbox 457 901 632 984; x_wconf 83' lang='lat' dir='ltr'><strong>conspectu</strong></span> <span class='ocrx_word' id='word_1_42' title='bbox 666 900 809 965; x_wconf 92' lang='lat' dir='ltr'><strong>omnium</strong></span> <span class='ocrx_word' id='word_1_43' title='bbox 840 900 912 965; x_wconf 79' lang='lat' dir='ltr'><strong>abit</strong></span> <span class='ocrx_word' id='word_1_44' title='bbox 942 901 976 963; x_wconf 94' lang='lat' dir='ltr'><strong>in</strong></span> <span class='ocrx_word' id='word_1_45' title='bbox 1008 898 1181 964; x_wconf 81' lang='lat' dir='ltr'><strong>Graeciam</strong></span> <span class='ocrx_word' id='word_1_46' title='bbox 1210 901 1359 963; x_wconf 70' lang='lat' dir='ltr'><strong>terram</strong></span> 
     </span>
     <span class='ocr_line' id='line_1_7' title="bbox 1038 1006 1229 1070; baseline 0.005 -1"><span class='ocrx_word' id='word_1_47' title='bbox 1038 1006 1229 1070; x_wconf 73' lang='lat' dir='ltr'><strong>ultumam</strong></span> 
     </span>
     <span class='ocr_line' id='line_1_8' title="bbox 231 1092 1192 1200; baseline 0.001 -24"><span class='ocrx_word' id='word_1_48' title='bbox 231 1110 378 1178; x_wconf 82' lang='lat' dir='ltr'><strong>Mortuos</strong></span> <span class='ocrx_word' id='word_1_49' title='bbox 402 1092 621 1197; x_wconf 77' lang='lat' dir='ltr'><strong>Stymphalist</strong></span> <span class='ocrx_word' id='word_1_50' title='bbox 643 1114 802 1180; x_wconf 84' lang='lat' dir='ltr'><strong>Arcadiae</strong></span> <span class='ocrx_word' id='word_1_51' title='bbox 827 1112 956 1200; x_wconf 87' lang='lat' dir='ltr'><strong>oppido.</strong></span> <span class='ocrx_word' id='word_1_52' title='bbox 1000 1113 1048 1177; x_wconf 91' lang='lat' dir='ltr'><strong>nil</strong></span> <span class='ocrx_word' id='word_1_53' title='bbox 1072 1111 1192 1178; x_wconf 84' lang='lat' dir='ltr'><strong>Publio</strong></span> 
     </span>
     <span class='ocr_line' id='line_1_9' title="bbox 233 1217 1025 1306; baseline 0.004 -23"><span class='ocrx_word' id='word_1_54' title='bbox 233 1217 343 1303; x_wconf 82' lang='lat' dir='ltr'><strong>Scipio</strong></span> <span class='ocrx_word' id='word_1_55' title='bbox 366 1219 499 1304; x_wconf 79' lang='lat' dir='ltr'><strong>profuit,</strong></span> <span class='ocrx_word' id='word_1_56' title='bbox 522 1221 570 1285; x_wconf 91' lang='lat' dir='ltr'><strong>nil</strong></span> <span class='ocrx_word' id='word_1_57' title='bbox 593 1221 642 1285; x_wconf 94' lang='lat' dir='ltr'><strong>illi</strong></span> <span class='ocrx_word' id='word_1_58' title='bbox 665 1221 802 1306; x_wconf 85' lang='lat' dir='ltr'><strong>Laelius,</strong></span> <span class='ocrx_word' id='word_1_59' title='bbox 825 1222 872 1286; x_wconf 85' lang='lat' dir='ltr'><strong>nil</strong></span> <span class='ocrx_word' id='word_1_60' title='bbox 896 1221 1025 1301; x_wconf 84' lang='lat' dir='ltr'><strong>Furius,</strong></span> 
     </span>
    </p>
   </div>
   <div class='ocr_carea' id='block_1_4' title="bbox 185 1394 1333 1644">
    <p class='ocr_par' dir='ltr' id='par_1_4' title="bbox 185 1394 1333 1644">
     <span class='ocr_line' id='line_1_10' title="bbox 185 1394 1332 1467; baseline 0.003 -20"><span class='ocrx_word' id='word_1_61' title='bbox 185 1406 326 1449; x_wconf 60' lang='lat' dir='ltr'><strong>racemus:</strong></span> <span class='ocrx_word' id='word_1_62' title='bbox 347 1394 504 1465; x_wconf 86' lang='lat' dir='ltr'><strong>Scipionem</strong></span> <span class='ocrx_word' id='word_1_63' title='bbox 522 1396 685 1451; x_wconf 79' lang='lat' dir='ltr'><strong>Africanum</strong></span> <span class='ocrx_word' id='word_1_64' title='bbox 704 1396 843 1467; x_wconf 78' lang='lat' dir='ltr'><strong>significat</strong></span> <span class='ocrx_word' id='word_1_65' title='bbox 861 1399 890 1452; x_wconf 91' lang='lat' dir='ltr'><strong>et</strong></span> <span class='ocrx_word' id='word_1_66' title='bbox 909 1396 1035 1452; x_wconf 84' lang='lat' dir='ltr'><strong>Laelium</strong></span> <span class='ocrx_word' id='word_1_67' title='bbox 1055 1395 1219 1466; x_wconf 71' lang='lat' dir='ltr'><strong>Sapientem</strong></span> <span class='ocrx_word' id='word_1_68' title='bbox 1238 1398 1268 1450; x_wconf 85' lang='lat' dir='ltr'><strong>ct</strong></span> <span class='ocrx_word' id='word_1_69' title='bbox 1280 1394 1332 1450; x_wconf 69' lang='lat' dir='ltr'><strong>llu-</strong></span> 
     </span>
     <span class='ocr_line' id='line_1_11' title="bbox 186 1482 1333 1555; baseline 0.001 -18"><span class='ocrx_word' id='word_1_70' title='bbox 186 1484 258 1538; x_wconf 91' lang='lat' dir='ltr'><strong>rium</strong></span> <span class='ocrx_word' id='word_1_71' title='bbox 277 1484 408 1538; x_wconf 63' lang='lat' dir='ltr'><strong>Philum!</strong></span> <span class='ocrx_word' id='word_1_72' title='bbox 447 1486 517 1540; x_wconf 83' lang='lat' dir='ltr'><strong>Item</strong></span> <span class='ocrx_word' id='word_1_73' title='bbox 541 1485 569 1539; x_wconf 92' lang='lat' dir='ltr'><strong>iu</strong></span> <span class='ocrx_word' id='word_1_74' title='bbox 593 1505 618 1541; x_wconf 86' lang='lat' dir='ltr'><strong>v.</strong></span> <span class='ocrx_word' id='word_1_75' title='bbox 645 1491 691 1540; x_wconf 83' lang='lat' dir='ltr'><strong>ll:</strong></span> <span class='ocrx_word' id='word_1_76' title='bbox 718 1485 767 1540; x_wconf 79' lang='lat' dir='ltr'><strong>‘m</strong></span> <span class='ocrx_word' id='word_1_77' title='bbox 785 1499 896 1541; x_wconf 73' lang='lat' dir='ltr'><strong>amano:</strong></span> <span class='ocrx_word' id='word_1_78' title='bbox 923 1483 1070 1555; x_wconf 76' lang='lat' dir='ltr'><strong>Scipionis.</strong></span> <span class='ocrx_word' id='word_1_79' title='bbox 1097 1499 1131 1539; x_wconf 79' lang='lat' dir='ltr'><strong>m</strong></span> <span class='ocrx_word' id='word_1_80' title='bbox 1150 1497 1235 1541; x_wconf 70' lang='lat' dir='ltr'><strong>onor</strong></span> <span class='ocrx_word' id='word_1_81' title='bbox 1258 1482 1333 1538; x_wconf 78' lang='lat' dir='ltr'><strong>Furii</strong></span> 
     </span>
     <span class='ocr_line' id='line_1_12' title="bbox 186 1573 781 1644; baseline 0.002 -17"><span class='ocrx_word' id='word_1_82' title='bbox 186 1573 269 1628; x_wconf 90' lang='lat' dir='ltr'><strong>Phili.</strong></span> <span class='ocrx_word' id='word_1_83' title='bbox 296 1587 330 1627; x_wconf 79' lang='lat' dir='ltr'><strong>m</strong></span> <span class='ocrx_word' id='word_1_84' title='bbox 347 1586 491 1628; x_wconf 73' lang='lat' dir='ltr'><strong>amomo:</strong></span> <span class='ocrx_word' id='word_1_85' title='bbox 511 1574 602 1629; x_wconf 85' lang='lat' dir='ltr'><strong>Laelii</strong></span> <span class='ocrx_word' id='word_1_86' title='bbox 620 1573 781 1644; x_wconf 64' lang='lat' dir='ltr'><strong>Sapientis)</strong></span> 
     </span>
    </p>
   </div>
   <div class='ocr_carea' id='block_1_5' title="bbox 187 1768 1342 4514">
    <p class='ocr_par' dir='ltr' id='par_1_5' title="bbox 187 1768 1342 4514">
     <span class='ocr_line' id='line_1_13' title="bbox 260 1768 1334 1827; baseline 0.001 -4"><span class='ocrx_word' id='word_1_87' title='bbox 260 1775 273 1823; x_wconf 92' lang='lat'>1</span> <span class='ocrx_word' id='word_1_88' title='bbox 294 1769 418 1824; x_wconf 82' lang='lat' dir='ltr'><strong>affricam</strong></span> <span class='ocrx_word' id='word_1_89' title='bbox 437 1768 491 1824; x_wconf 77' lang='lat'><strong>01)</strong></span> <span class='ocrx_word' id='word_1_90' title='bbox 562 1787 660 1826; x_wconf 92' lang='lat' dir='ltr'><strong>uocem</strong></span> <span class='ocrx_word' id='word_1_91' title='bbox 685 1770 810 1824; x_wconf 87' lang='lat' dir='ltr'><strong>diuinam</strong></span> <span class='ocrx_word' id='word_1_92' title='bbox 836 1770 929 1827; x_wconf 89' lang='lat' dir='ltr'><strong>inhiat</strong></span> <span class='ocrx_word' id='word_1_93' title='bbox 953 1770 1090 1826; x_wconf 69' lang='lat' dir='ltr'><strong>Meretur.</strong></span> <span class='ocrx_word' id='word_1_94' title='bbox 1119 1770 1192 1826; x_wconf 72' lang='lat' dir='ltr'><strong>noce</strong></span> <span class='ocrx_word' id='word_1_95' title='bbox 1214 1768 1283 1824; x_wconf 86' lang='lat' dir='ltr'><strong>dum</strong></span> <span class='ocrx_word' id='word_1_96' title='bbox 1306 1769 1334 1824; x_wconf 86' lang='lat' dir='ltr'><strong>et</strong></span> 
     </span>
     <span class='ocr_line' id='line_1_14' title="bbox 187 1856 1335 1930; baseline -0.001 -17"><span class='ocrx_word' id='word_1_97' title='bbox 187 1858 300 1915; x_wconf 80' lang='lat' dir='ltr'><strong>inhuiur</strong></span> <span class='ocrx_word' id='word_1_98' title='bbox 320 1862 349 1915; x_wconf 90' lang='lat' dir='ltr'><strong>ct</strong></span> <span class='ocrx_word' id='word_1_99' title='bbox 366 1859 402 1913; x_wconf 95' lang='lat' dir='ltr'><strong><em>A.</em></strong></span> <span class='ocrx_word' id='word_1_100' title='bbox 421 1877 490 1915; x_wconf 91' lang='lat' dir='ltr'><strong>uoce</strong></span> <span class='ocrx_word' id='word_1_101' title='bbox 508 1860 606 1915; x_wconf 91' lang='lat' dir='ltr'><strong>diuina</strong></span> <span class='ocrx_word' id='word_1_102' title='bbox 623 1860 715 1915; x_wconf 89' lang='lat' dir='ltr'><strong>inhiat</strong></span> <span class='ocrx_word' id='word_1_103' title='bbox 733 1861 825 1928; x_wconf 60' lang='lat' dir='ltr'><strong>ceter,</strong></span> <span class='ocrx_word' id='word_1_104' title='bbox 848 1861 906 1915; x_wconf 78' lang='lat' dir='ltr'><strong>aiei</strong></span> <span class='ocrx_word' id='word_1_105' title='bbox 923 1862 997 1930; x_wconf 76' lang='lat' dir='ltr'><strong>qaod</strong></span> <span class='ocrx_word' id='word_1_106' title='bbox 1015 1859 1087 1916; x_wconf 90' lang='lat' dir='ltr'><strong>iniat</strong></span> <span class='ocrx_word' id='word_1_107' title='bbox 1104 1860 1148 1929; x_wconf 90' lang='grc' dir='ltr'><strong>Β,</strong></span> <span class='ocrx_word' id='word_1_108' title='bbox 1165 1859 1261 1915; x_wconf 87' lang='lat' dir='ltr'><strong>inihat</strong></span> <span class='ocrx_word' id='word_1_109' title='bbox 1278 1856 1335 1914; x_wconf 77' lang='lat' dir='ltr'><strong>OD</strong></span> 
     </span>
     <span class='ocr_line' id='line_1_15' title="bbox 259 1948 1277 2007; baseline 0.002 -4"><span class='ocrx_word' id='word_1_110' title='bbox 259 1948 372 2003; x_wconf 82' lang='lat' dir='ltr'><strong>auribus</strong></span> <span class='ocrx_word' id='word_1_111' title='bbox 391 1948 482 2004; x_wconf 76' lang='lat' dir='ltr'><strong>auidis</strong></span> <span class='ocrx_word' id='word_1_112' title='bbox 501 1949 532 2003; x_wconf 81' lang='lat' dir='ltr'><em>F</em></span> <span class='ocrx_word' id='word_1_113' title='bbox 600 1956 617 2004; x_wconf 74' lang='grc'>2</span> <span class='ocrx_word' id='word_1_114' title='bbox 636 1949 748 2006; x_wconf 92' lang='lat' dir='ltr'><strong>Philum</strong></span> <span class='ocrx_word' id='word_1_115' title='bbox 766 1950 893 2007; x_wconf 78' lang='lat' dir='ltr'><strong>Rothiae.</strong></span> <span class='ocrx_word' id='word_1_116' title='bbox 912 1951 999 2004; x_wconf 80' lang='lat' dir='ltr'><strong>fixum</strong></span> <span class='ocrx_word' id='word_1_117' title='bbox 1016 1951 1052 2006; x_wconf 91' lang='lat' dir='ltr'><strong><em>A.</em></strong></span> <span class='ocrx_word' id='word_1_118' title='bbox 1070 1949 1175 2005; x_wconf 79' lang='lat' dir='ltr'><strong>furium</strong></span> <span class='ocrx_word' id='word_1_119' title='bbox 1193 1949 1277 2005; x_wconf 77' lang='lat' dir='ltr'><strong>ceteri</strong></span> 
     </span>
     <span class='ocr_line' id='line_1_16' title="bbox 187 2036 1335 2108; baseline 0.002 -17"><span class='ocrx_word' id='word_1_120' title='bbox 187 2054 217 2092; x_wconf 87' lang='lat' dir='ltr'><strong>ae</strong></span> <span class='ocrx_word' id='word_1_121' title='bbox 240 2054 291 2092; x_wconf 87' lang='lat' dir='ltr'><strong>om.</strong></span> <span class='ocrx_word' id='word_1_122' title='bbox 310 2036 341 2090; x_wconf 74' lang='lat' dir='ltr'>F</span> <span class='ocrx_word' id='word_1_123' title='bbox 410 2038 551 2094; x_wconf 87' lang='lat' dir='ltr'><strong>coenitare</strong></span> <span class='ocrx_word' id='word_1_124' title='bbox 570 2038 636 2108; x_wconf 83' lang='lat' dir='ltr'><strong>EF,</strong></span> <span class='ocrx_word' id='word_1_125' title='bbox 666 2038 722 2093; x_wconf 79' lang='lat' dir='ltr'><strong>Vel.</strong></span> <span class='ocrx_word' id='word_1_126' title='bbox 747 2038 897 2093; x_wconf 90' lang='lat' dir='ltr'><strong>coemitare</strong></span> <span class='ocrx_word' id='word_1_127' title='bbox 918 2039 950 2094; x_wconf 87' lang='lat' dir='ltr'><strong>Z.</strong></span> <span class='ocrx_word' id='word_1_128' title='bbox 975 2040 1087 2093; x_wconf 81' lang='lat' dir='ltr'><strong>cantare</strong></span> <span class='ocrx_word' id='word_1_129' title='bbox 1106 2038 1141 2094; x_wconf 89' lang='lat' dir='ltr'><strong><em>A.</em></strong></span> <span class='ocrx_word' id='word_1_130' title='bbox 1166 2040 1283 2093; x_wconf 79' lang='lat' dir='ltr'><strong>cantare</strong></span> <span class='ocrx_word' id='word_1_131' title='bbox 1300 2036 1335 2093; x_wconf 81' lang='grc' dir='ltr'><strong>θ.</strong></span> 
     </span>
     <span class='ocr_line' id='line_1_17' title="bbox 189 2126 1336 2197; baseline 0.003 -18"><span class='ocrx_word' id='word_1_132' title='bbox 189 2128 348 2196; x_wconf 88' lang='lat' dir='ltr'><strong>coemptare</strong></span> <span class='ocrx_word' id='word_1_133' title='bbox 366 2126 454 2182; x_wconf 78' lang='lat'><em>1301).</em></span> <span class='ocrx_word' id='word_1_134' title='bbox 475 2143 591 2182; x_wconf 89' lang='lat' dir='ltr'><strong>coenare</strong></span> <span class='ocrx_word' id='word_1_135' title='bbox 615 2126 731 2194; x_wconf 77' lang='lat' dir='ltr'><strong>Wolfiaa</strong></span> <span class='ocrx_word' id='word_1_136' title='bbox 749 2144 779 2181; x_wconf 83' lang='lat' dir='ltr'><strong>ac</strong></span> <span class='ocrx_word' id='word_1_137' title='bbox 797 2127 834 2182; x_wconf 88' lang='lat' dir='ltr'><strong>ad</strong></span> <span class='ocrx_word' id='word_1_138' title='bbox 851 2127 966 2182; x_wconf 84' lang='lat' dir='ltr'><strong>Furium</strong></span> <span class='ocrx_word' id='word_1_139' title='bbox 984 2132 1166 2197; x_wconf 68' lang='lat' dir='ltr'><strong>transponens</strong></span> <span class='ocrx_word' id='word_1_140' title='bbox 1238 2126 1336 2182; x_wconf 85' lang='lat' dir='ltr'><strong>lelium</strong></span> 
     </span>
     <span class='ocr_line' id='line_1_18' title="bbox 188 2215 1336 2285; baseline 0.002 -16"><span class='ocrx_word' id='word_1_141' title='bbox 188 2215 326 2269; x_wconf 82' lang='lat' dir='ltr'><strong><em>ABODZ</em></strong></span> <span class='ocrx_word' id='word_1_142' title='bbox 394 2216 541 2285; x_wconf 86' lang='lat' dir='ltr'><strong>pulchrum</strong></span> <span class='ocrx_word' id='word_1_143' title='bbox 561 2217 645 2285; x_wconf 88' lang='lat' dir='ltr'><strong>putat</strong></span> <span class='ocrx_word' id='word_1_144' title='bbox 662 2216 703 2285; x_wconf 80' lang='lat' dir='ltr'><strong><em>A,</em></strong></span> <span class='ocrx_word' id='word_1_145' title='bbox 721 2216 787 2271; x_wconf 83' lang='lat' dir='ltr'><strong><em>Ald.</em></strong></span> <span class='ocrx_word' id='word_1_146' title='bbox 807 2217 890 2285; x_wconf 78' lang='lat' dir='ltr'><strong>putat</strong></span> <span class='ocrx_word' id='word_1_147' title='bbox 907 2215 1056 2285; x_wconf 86' lang='lat' dir='ltr'><strong>pulchrum</strong></span> <span class='ocrx_word' id='word_1_148' title='bbox 1074 2217 1155 2270; x_wconf 77' lang='lat' dir='ltr'><strong>ceteri</strong></span> <span class='ocrx_word' id='word_1_149' title='bbox 1226 2217 1336 2271; x_wconf 81' lang='lat' dir='ltr'><strong>3Du1n</strong></span> 
     </span>
     <span class='ocr_line' id='line_1_19' title="bbox 188 2303 1336 2374; baseline 0.003 -17"><span class='ocrx_word' id='word_1_150' title='bbox 188 2303 218 2357; x_wconf 90' lang='lat' dir='ltr'><strong>in</strong></span> <span class='ocrx_word' id='word_1_151' title='bbox 232 2303 372 2358; x_wconf 88' lang='lat' dir='ltr'><strong>Albanum</strong></span> <span class='ocrx_word' id='word_1_152' title='bbox 392 2305 488 2360; x_wconf 89' lang='lat' dir='ltr'><strong>crebro</strong></span> <span class='ocrx_word' id='word_1_153' title='bbox 507 2303 616 2374; x_wconf 84' lang='lat' dir='ltr'><strong>rapitur</strong></span> <span class='ocrx_word' id='word_1_154' title='bbox 630 2305 743 2373; x_wconf 72' lang='lat' dir='ltr'><strong>expulso</strong></span> <span class='ocrx_word' id='word_1_155' title='bbox 755 2305 911 2374; x_wconf 74' lang='lat' dir='ltr'><strong>ploaeematc</strong></span> <span class='ocrx_word' id='word_1_156' title='bbox 925 2304 1100 2360; x_wconf 78' lang='lat' dir='ltr'><strong>Ritechcliaa.</strong></span> <span class='ocrx_word' id='word_1_157' title='bbox 1120 2306 1187 2360; x_wconf 88' lang='lat' dir='ltr'><strong>dum</strong></span> <span class='ocrx_word' id='word_1_158' title='bbox 1201 2321 1233 2360; x_wconf 84' lang='lat' dir='ltr'><strong>ce</strong></span> <span class='ocrx_word' id='word_1_159' title='bbox 1247 2303 1336 2361; x_wconf 80' lang='lat' dir='ltr'><strong>amari</strong></span> 
     </span>
     <span class='ocr_line' id='line_1_20' title="bbox 188 2377 1336 2464; baseline 0.003 -17"><span class='ocrx_word' id='word_1_160' title='bbox 188 2393 225 2448; x_wconf 91' lang='lat' dir='ltr'><strong>ab</strong></span> <span class='ocrx_word' id='word_1_161' title='bbox 243 2394 288 2449; x_wconf 82' lang='lat' dir='ltr'><strong>hia</strong></span> <span class='ocrx_word' id='word_1_162' title='bbox 307 2394 404 2449; x_wconf 89' lang='lat' dir='ltr'><strong>credat</strong></span> <span class='ocrx_word' id='word_1_163' title='bbox 422 2394 518 2449; x_wconf 89' lang='lat' dir='ltr'><strong>crebro</strong></span> <span class='ocrx_word' id='word_1_164' title='bbox 536 2393 566 2447; x_wconf 90' lang='lat' dir='ltr'><strong>in</strong></span> <span class='ocrx_word' id='word_1_165' title='bbox 585 2393 718 2449; x_wconf 90' lang='lat' dir='ltr'><strong>albanum</strong></span> <span class='ocrx_word' id='word_1_166' title='bbox 737 2377 813 2464; x_wconf 74' lang='lat' dir='ltr'><strong>rapit</strong></span> <span class='ocrx_word' id='word_1_167' title='bbox 833 2395 869 2460; x_wconf 70' lang='lat' dir='ltr'><strong>(lc.</strong></span> <span class='ocrx_word' id='word_1_168' title='bbox 888 2410 909 2450; x_wconf 91' lang='lat' dir='ltr'><strong>e.</strong></span> <span class='ocrx_word' id='word_1_169' title='bbox 928 2394 1046 2464; x_wconf 88' lang='lat' dir='ltr'><strong>rapitur)</strong></span> <span class='ocrx_word' id='word_1_170' title='bbox 1061 2394 1097 2452; x_wconf 92' lang='lat' dir='ltr'><strong><em>A.</em></strong></span> <span class='ocrx_word' id='word_1_171' title='bbox 1117 2394 1185 2449; x_wconf 89' lang='lat' dir='ltr'><strong>dnm</strong></span> <span class='ocrx_word' id='word_1_172' title='bbox 1201 2411 1234 2450; x_wconf 86' lang='lat' dir='ltr'><strong>ee</strong></span> <span class='ocrx_word' id='word_1_173' title='bbox 1246 2392 1336 2450; x_wconf 77' lang='lat' dir='ltr'><strong>amati</strong></span> 
     </span>
     <span class='ocr_line' id='line_1_21' title="bbox 188 2472 1336 2554; baseline 0 -16"><span class='ocrx_word' id='word_1_174' title='bbox 188 2484 225 2540; x_wconf 89' lang='lat' dir='ltr'><strong>ab</strong></span> <span class='ocrx_word' id='word_1_175' title='bbox 247 2483 291 2537; x_wconf 84' lang='lat' dir='ltr'><strong>hir</strong></span> <span class='ocrx_word' id='word_1_176' title='bbox 313 2483 403 2539; x_wconf 89' lang='lat' dir='ltr'><strong>credit</strong></span> <span class='ocrx_word' id='word_1_177' title='bbox 421 2483 517 2538; x_wconf 91' lang='lat' dir='ltr'><strong>crebro</strong></span> <span class='ocrx_word' id='word_1_178' title='bbox 536 2484 661 2552; x_wconf 86' lang='lat' dir='ltr'><strong>(craebro</strong></span> <span class='ocrx_word' id='word_1_179' title='bbox 681 2483 721 2552; x_wconf 79' lang='lat' dir='ltr'><strong>F)</strong></span> <span class='ocrx_word' id='word_1_180' title='bbox 739 2472 768 2537; x_wconf 92' lang='lat' dir='ltr'><strong>in</strong></span> <span class='ocrx_word' id='word_1_181' title='bbox 786 2483 920 2537; x_wconf 89' lang='lat' dir='ltr'><strong>albanum</strong></span> <span class='ocrx_word' id='word_1_182' title='bbox 937 2483 1000 2553; x_wconf 87' lang='lat' dir='ltr'><strong>rapi</strong></span> <span class='ocrx_word' id='word_1_183' title='bbox 1018 2485 1098 2539; x_wconf 79' lang='lat' dir='ltr'><strong>ceteri</strong></span> <span class='ocrx_word' id='word_1_184' title='bbox 1117 2484 1184 2554; x_wconf 77' lang='lat' dir='ltr'><strong>(aiei</strong></span> <span class='ocrx_word' id='word_1_185' title='bbox 1201 2484 1277 2554; x_wconf 70' lang='lat' dir='ltr'><strong>qaod</strong></span> <span class='ocrx_word' id='word_1_186' title='bbox 1291 2499 1336 2538; x_wconf 77' lang='lat' dir='ltr'><strong>ra·</strong></span> 
     </span>
     <span class='ocr_line' id='line_1_22' title="bbox 188 2572 1337 2644; baseline 0.002 -18"><span class='ocrx_word' id='word_1_187' title='bbox 188 2572 254 2642; x_wconf 91' lang='lat' dir='ltr'><strong>pido</strong></span> <span class='ocrx_word' id='word_1_188' title='bbox 274 2589 329 2642; x_wconf 78' lang='lat' dir='ltr'><strong>pro</strong></span> <span class='ocrx_word' id='word_1_189' title='bbox 351 2573 413 2643; x_wconf 86' lang='lat' dir='ltr'><strong>rapi</strong></span> <span class='ocrx_word' id='word_1_190' title='bbox 436 2573 472 2628; x_wconf 93' lang='lat' dir='ltr'><strong>ob</strong></span> <span class='ocrx_word' id='word_1_191' title='bbox 491 2573 540 2643; x_wconf 62' lang='grc' dir='ltr'><strong>(ὓς</strong></span> <span class='ocrx_word' id='word_1_192' title='bbox 570 2573 973 2628; x_wconf 67' lang='lat' dir='ltr'><strong>mahiseemza.11uaoam</strong></span> <span class='ocrx_word' id='word_1_193' title='bbox 995 2573 1043 2627; x_wconf 81' lang='lat' dir='ltr'><strong>via</strong></span> <span class='ocrx_word' id='word_1_194' title='bbox 1065 2574 1138 2628; x_wconf 75' lang='lat' dir='ltr'><strong>initu</strong></span> <span class='ocrx_word' id='word_1_195' title='bbox 1161 2577 1200 2628; x_wconf 80' lang='lat' dir='ltr'><strong>eat</strong></span> <span class='ocrx_word' id='word_1_196' title='bbox 1219 2572 1337 2644; x_wconf 56' lang='lat' dir='ltr'><strong>Parere.</strong></span> 
     </span>
     <span class='ocr_line' id='line_1_23' title="bbox 191 2660 1338 2741; baseline 0.001 -25"><span class='ocrx_word' id='word_1_197' title='bbox 191 2661 288 2717; x_wconf 83' lang='lat' dir='ltr'><strong>Plaat.</strong></span> <span class='ocrx_word' id='word_1_198' title='bbox 308 2663 330 2716; x_wconf 93' lang='lat' dir='ltr'><strong><em>I</em></strong></span> <span class='ocrx_word' id='word_1_199' title='bbox 350 2680 380 2732; x_wconf 80' lang='lat' dir='ltr'><strong>p.</strong></span> <span class='ocrx_word' id='word_1_200' title='bbox 407 2667 463 2719; x_wconf 82' lang='grc'><strong>637</strong></span> <span class='ocrx_word' id='word_1_201' title='bbox 476 2679 514 2733; x_wconf 78' lang='lat' dir='ltr'><strong>aq.</strong></span> <span class='ocrx_word' id='word_1_202' title='bbox 538 2663 627 2730; x_wconf 79' lang='lat' dir='ltr'><strong>(Mac.</strong></span> <span class='ocrx_word' id='word_1_203' title='bbox 651 2662 739 2717; x_wconf 77' lang='lat' dir='ltr'><strong>Rhea.</strong></span> <span class='ocrx_word' id='word_1_204' title='bbox 760 2680 789 2716; x_wconf 78' lang='lat' dir='ltr'><strong>c.</strong></span> <span class='ocrx_word' id='word_1_205' title='bbox 810 2663 832 2715; x_wconf 91' lang='lat' dir='ltr'><strong><em>I</em></strong></span> <span class='ocrx_word' id='word_1_206' title='bbox 847 2678 878 2730; x_wconf 84' lang='lat' dir='ltr'><strong>p.</strong></span> <span class='ocrx_word' id='word_1_207' title='bbox 898 2665 953 2717; x_wconf 70' lang='lat'><strong>148</strong></span> <span class='ocrx_word' id='word_1_208' title='bbox 966 2663 1015 2741; x_wconf 76' lang='lat' dir='ltr'><strong>aq.)</strong></span> <span class='ocrx_word' id='word_1_209' title='bbox 1113 2661 1152 2718; x_wconf 91' lang='lat' dir='ltr'><strong>ob</strong></span> <span class='ocrx_word' id='word_1_210' title='bbox 1168 2661 1212 2729; x_wconf 87' lang='lat' dir='ltr'><strong><em>A,</em></strong></span> <span class='ocrx_word' id='word_1_211' title='bbox 1234 2660 1277 2718; x_wconf 78' lang='lat' dir='ltr'><strong>st.</strong></span> <span class='ocrx_word' id='word_1_212' title='bbox 1300 2660 1338 2717; x_wconf 80' lang='lat' dir='ltr'><strong>ad</strong></span> 
     </span>
     <span class='ocr_line' id='line_1_24' title="bbox 189 2749 1338 2821; baseline 0 -16"><span class='ocrx_word' id='word_1_213' title='bbox 189 2752 269 2806; x_wconf 78' lang='lat' dir='ltr'><strong>ceteri</strong></span> <span class='ocrx_word' id='word_1_214' title='bbox 285 2757 394 2821; x_wconf 82' lang='lat' dir='ltr'><strong>praeter</strong></span> <span class='ocrx_word' id='word_1_215' title='bbox 413 2751 439 2806; x_wconf 85' lang='lat' dir='ltr'><em>G</em></span> <span class='ocrx_word' id='word_1_216' title='bbox 528 2751 613 2807; x_wconf 76' lang='lat' dir='ltr'><strong>etatis</strong></span> <span class='ocrx_word' id='word_1_217' title='bbox 631 2750 688 2804; x_wconf 85' lang='grc' dir='ltr'><strong>ΒΖ</strong></span> <span class='ocrx_word' id='word_1_218' title='bbox 775 2767 823 2806; x_wconf 84' lang='lat' dir='ltr'><strong>aue</strong></span> <span class='ocrx_word' id='word_1_219' title='bbox 841 2750 928 2804; x_wconf 85' lang='grc' dir='ltr'><strong>ΒΕΖ</strong></span> <span class='ocrx_word' id='word_1_220' title='bbox 1006 2756 1023 2805; x_wconf 82' lang='lat'>4</span> <span class='ocrx_word' id='word_1_221' title='bbox 1043 2749 1106 2806; x_wconf 79' lang='lat' dir='ltr'><strong>Suis</strong></span> <span class='ocrx_word' id='word_1_222' title='bbox 1123 2750 1257 2821; x_wconf 79' lang='lat' dir='ltr'><strong>portlatia</strong></span> <span class='ocrx_word' id='word_1_223' title='bbox 1275 2749 1338 2806; x_wconf 69' lang='lat' dir='ltr'><strong>Ille</strong></span> 
     </span>
     <span class='ocr_line' id='line_1_25' title="bbox 188 2839 1339 2911; baseline 0.006 -18"><span class='ocrx_word' id='word_1_224' title='bbox 188 2841 310 2897; x_wconf 70' lang='lat' dir='ltr'><strong>aetaliae.</strong></span> <span class='ocrx_word' id='word_1_225' title='bbox 334 2842 399 2911; x_wconf 83' lang='lat' dir='ltr'><strong>poet</strong></span> <span class='ocrx_word' id='word_1_226' title='bbox 421 2840 539 2897; x_wconf 81' lang='lat' dir='ltr'><strong>sublatis</strong></span> <span class='ocrx_word' id='word_1_227' title='bbox 558 2842 593 2896; x_wconf 88' lang='lat' dir='ltr'><strong>A.</strong></span> <span class='ocrx_word' id='word_1_228' title='bbox 621 2841 699 2911; x_wconf 81' lang='lat' dir='ltr'><strong>ipaua</strong></span> <span class='ocrx_word' id='word_1_229' title='bbox 718 2840 836 2896; x_wconf 75' lang='lat' dir='ltr'><strong>sublatis</strong></span> <span class='ocrx_word' id='word_1_230' title='bbox 855 2840 942 2907; x_wconf 75' lang='lat' dir='ltr'><strong>Fac,</strong></span> <span class='ocrx_word' id='word_1_231' title='bbox 965 2840 1006 2895; x_wconf 81' lang='lat' dir='ltr'><strong>St.</strong></span> <span class='ocrx_word' id='word_1_232' title='bbox 1025 2839 1093 2911; x_wconf 79' lang='lat' dir='ltr'><strong>ipris</strong></span> <span class='ocrx_word' id='word_1_233' title='bbox 1111 2839 1232 2897; x_wconf 73' lang='lat' dir='ltr'><strong>sublatis</strong></span> <span class='ocrx_word' id='word_1_234' title='bbox 1248 2840 1339 2900; x_wconf 66' lang='lat' dir='ltr'><strong>caera</strong></span> 
     </span>
     <span class='ocr_line' id='line_1_26' title="bbox 190 2928 1338 3001; baseline 0.001 -17"><span class='ocrx_word' id='word_1_235' title='bbox 190 2928 252 2984; x_wconf 82' lang='lat' dir='ltr'><strong>Suis</strong></span> <span class='ocrx_word' id='word_1_236' title='bbox 272 2929 409 2999; x_wconf 75' lang='lat' dir='ltr'><strong>spoliatur</strong></span> <span class='ocrx_word' id='word_1_237' title='bbox 427 2930 658 3001; x_wconf 72' lang='lat' dir='ltr'><strong>Bezambcrpcrae</strong></span> <span class='ocrx_word' id='word_1_238' title='bbox 675 2935 739 2984; x_wconf 81' lang='lat' dir='ltr'><strong>teate</strong></span> <span class='ocrx_word' id='word_1_239' title='bbox 756 2929 938 2985; x_wconf 72' lang='lat' dir='ltr'><strong>Fleckeisenc.</strong></span> <span class='ocrx_word' id='word_1_240' title='bbox 962 2929 1040 2999; x_wconf 79' lang='lat' dir='ltr'><strong>iprua</strong></span> <span class='ocrx_word' id='word_1_241' title='bbox 1059 2972 1066 2985; x_wconf 87' lang='lat'><strong>.</strong></span> <span class='ocrx_word' id='word_1_242' title='bbox 1086 2970 1093 2984; x_wconf 92' lang='lat'><strong>.</strong></span> <span class='ocrx_word' id='word_1_243' title='bbox 1112 2972 1119 2984; x_wconf 90' lang='lat'><strong>.</strong></span> <span class='ocrx_word' id='word_1_244' title='bbox 1149 2929 1214 2985; x_wconf 79' lang='lat' dir='ltr'><strong>Suis</strong></span> <span class='ocrx_word' id='word_1_245' title='bbox 1232 2928 1338 2985; x_wconf 72' lang='lat' dir='ltr'><strong>abram</strong></span> 
     </span>
     <span class='ocr_line' id='line_1_27' title="bbox 190 3018 1338 3090; baseline 0.003 -18"><span class='ocrx_word' id='word_1_246' title='bbox 190 3021 262 3086; x_wconf 82' lang='lat' dir='ltr'><strong>(cum</strong></span> <span class='ocrx_word' id='word_1_247' title='bbox 285 3020 397 3090; x_wconf 78' lang='lat' dir='ltr'><strong>locam)</strong></span> <span class='ocrx_word' id='word_1_248' title='bbox 421 3018 537 3088; x_wconf 76' lang='lat' dir='ltr'><strong>Wolfiua</strong></span> <span class='ocrx_word' id='word_1_249' title='bbox 613 3026 683 3073; x_wconf 75' lang='lat' dir='ltr'><strong>box</strong></span> <span class='ocrx_word' id='word_1_250' title='bbox 701 3020 736 3072; x_wconf 88' lang='lat' dir='ltr'><strong>A.</strong></span> <span class='ocrx_word' id='word_1_251' title='bbox 757 3036 772 3073; x_wconf 93' lang='lat' dir='ltr'><strong>e</strong></span> <span class='ocrx_word' id='word_1_252' title='bbox 791 3021 871 3075; x_wconf 66' lang='lat' dir='ltr'><strong>cetera·</strong></span> <span class='ocrx_word' id='word_1_253' title='bbox 947 3018 1005 3075; x_wconf 91' lang='lat' dir='ltr'><strong>omi</strong></span> <span class='ocrx_word' id='word_1_254' title='bbox 1023 3019 1052 3075; x_wconf 90' lang='grc' dir='ltr'><strong><em>Β</em></strong></span> <span class='ocrx_word' id='word_1_255' title='bbox 1124 3019 1185 3075; x_wconf 89' lang='lat' dir='ltr'><strong>abit</strong></span> <span class='ocrx_word' id='word_1_256' title='bbox 1203 3019 1234 3074; x_wconf 93' lang='lat' dir='ltr'><strong>in</strong></span> <span class='ocrx_word' id='word_1_257' title='bbox 1252 3018 1338 3075; x_wconf 79' lang='lat' dir='ltr'><strong>Grae-</strong></span> 
     </span>
     <span class='ocr_line' id='line_1_28' title="bbox 190 3106 1340 3179; baseline 0.003 -18"><span class='ocrx_word' id='word_1_258' title='bbox 190 3106 263 3162; x_wconf 91' lang='lat' dir='ltr'><strong>ciam</strong></span> <span class='ocrx_word' id='word_1_259' title='bbox 289 3109 393 3163; x_wconf 88' lang='lat' dir='ltr'><strong>terram</strong></span> <span class='ocrx_word' id='word_1_260' title='bbox 418 3108 547 3179; x_wconf 76' lang='lat' dir='ltr'><strong>Scoliper.</strong></span> <span class='ocrx_word' id='word_1_261' title='bbox 580 3107 642 3163; x_wconf 81' lang='lat' dir='ltr'><strong>abit</strong></span> <span class='ocrx_word' id='word_1_262' title='bbox 663 3107 786 3178; x_wconf 79' lang='lat' dir='ltr'><strong>greciam</strong></span> <span class='ocrx_word' id='word_1_263' title='bbox 810 3109 839 3163; x_wconf 92' lang='lat' dir='ltr'><strong>in</strong></span> <span class='ocrx_word' id='word_1_264' title='bbox 861 3110 964 3163; x_wconf 87' lang='lat' dir='ltr'><strong>terram</strong></span> <span class='ocrx_word' id='word_1_265' title='bbox 987 3107 1027 3162; x_wconf 88' lang='lat' dir='ltr'><strong><em>A:</em></strong></span> <span class='ocrx_word' id='word_1_266' title='bbox 1056 3107 1140 3177; x_wconf 76' lang='lat' dir='ltr'><strong>(ande</strong></span> <span class='ocrx_word' id='word_1_267' title='bbox 1161 3108 1246 3176; x_wconf 67' lang='lat' dir='ltr'><strong>scale</strong></span> <span class='ocrx_word' id='word_1_268' title='bbox 1267 3106 1340 3164; x_wconf 78' lang='lat' dir='ltr'><strong>abiit</strong></span> 
     </span>
     <span class='ocr_line' id='line_1_29' title="bbox 190 3195 1342 3267; baseline 0.002 -16"><span class='ocrx_word' id='word_1_269' title='bbox 190 3195 335 3251; x_wconf 86' lang='lat' dir='ltr'><strong>Graeciam</strong></span> <span class='ocrx_word' id='word_1_270' title='bbox 360 3196 388 3251; x_wconf 91' lang='lat' dir='ltr'><strong>in</strong></span> <span class='ocrx_word' id='word_1_271' title='bbox 411 3199 515 3253; x_wconf 87' lang='lat' dir='ltr'><strong>terram</strong></span> <span class='ocrx_word' id='word_1_272' title='bbox 534 3197 657 3267; x_wconf 75' lang='lat' dir='ltr'><strong>efficiar).</strong></span> <span class='ocrx_word' id='word_1_273' title='bbox 687 3195 805 3251; x_wconf 82' lang='lat' dir='ltr'><strong>obiitin</strong></span> <span class='ocrx_word' id='word_1_274' title='bbox 823 3196 947 3267; x_wconf 87' lang='lat' dir='ltr'><strong>greciam</strong></span> <span class='ocrx_word' id='word_1_275' title='bbox 966 3195 995 3250; x_wconf 92' lang='lat' dir='ltr'><strong>in</strong></span> <span class='ocrx_word' id='word_1_276' title='bbox 1013 3198 1118 3252; x_wconf 85' lang='lat' dir='ltr'><strong>terram</strong></span> <span class='ocrx_word' id='word_1_277' title='bbox 1137 3195 1223 3251; x_wconf 70' lang='grc' dir='ltr'><strong>ΕΘΖ</strong></span> <span class='ocrx_word' id='word_1_278' title='bbox 1238 3201 1265 3253; x_wconf 76' lang='lat' dir='ltr'><strong>et</strong></span> <span class='ocrx_word' id='word_1_279' title='bbox 1281 3195 1342 3253; x_wconf 63' lang='lat' dir='ltr'><strong>aaa·</strong></span> 
     </span>
     <span class='ocr_line' id='line_1_30' title="bbox 190 3283 1342 3357; baseline 0.001 -16"><span class='ocrx_word' id='word_1_280' title='bbox 190 3286 265 3354; x_wconf 72' lang='lat' dir='ltr'><strong>qaod</strong></span> <span class='ocrx_word' id='word_1_281' title='bbox 286 3286 429 3357; x_wconf 81' lang='lat' dir='ltr'><strong>graeciam</strong></span> <span class='ocrx_word' id='word_1_282' title='bbox 447 3285 482 3343; x_wconf 85' lang='lat' dir='ltr'><strong>F.</strong></span> <span class='ocrx_word' id='word_1_283' title='bbox 511 3285 572 3341; x_wconf 85' lang='lat' dir='ltr'><strong>abit</strong></span> <span class='ocrx_word' id='word_1_284' title='bbox 595 3287 664 3355; x_wconf 69' lang='lat' dir='ltr'><strong>(aad.</strong></span> <span class='ocrx_word' id='word_1_285' title='bbox 681 3301 756 3341; x_wconf 78' lang='lat' dir='ltr'><strong>man.</strong></span> <span class='ocrx_word' id='word_1_286' title='bbox 776 3302 845 3340; x_wconf 85' lang='lat' dir='ltr'><strong>corr.</strong></span> <span class='ocrx_word' id='word_1_287' title='bbox 864 3287 896 3340; x_wconf 78' lang='lat' dir='ltr'><strong>ia</strong></span> <span class='ocrx_word' id='word_1_288' title='bbox 914 3284 996 3355; x_wconf 80' lang='lat' dir='ltr'><strong>abijt)</strong></span> <span class='ocrx_word' id='word_1_289' title='bbox 1014 3285 1044 3338; x_wconf 92' lang='lat' dir='ltr'><strong>in</strong></span> <span class='ocrx_word' id='word_1_290' title='bbox 1061 3285 1186 3355; x_wconf 75' lang='lat' dir='ltr'><strong>greciam</strong></span> <span class='ocrx_word' id='word_1_291' title='bbox 1210 3284 1247 3341; x_wconf 87' lang='grc' dir='ltr'><strong>Β.</strong></span> <span class='ocrx_word' id='word_1_292' title='bbox 1266 3283 1342 3342; x_wconf 72' lang='lat' dir='ltr'><strong>abia</strong></span> 
     </span>
     <span class='ocr_line' id='line_1_31' title="bbox 189 3367 1342 3445; baseline 0.002 -17"><span class='ocrx_word' id='word_1_293' title='bbox 189 3375 218 3429; x_wconf 91' lang='lat' dir='ltr'><strong>in</strong></span> <span class='ocrx_word' id='word_1_294' title='bbox 236 3367 360 3445; x_wconf 79' lang='lat' dir='ltr'><strong>greciam</strong></span> <span class='ocrx_word' id='word_1_295' title='bbox 379 3375 438 3431; x_wconf 80' lang='lat'><strong><em>01).</em></strong></span> <span class='ocrx_word' id='word_1_296' title='bbox 476 3374 548 3431; x_wconf 90' lang='lat' dir='ltr'><strong>abiit</strong></span> <span class='ocrx_word' id='word_1_297' title='bbox 571 3374 705 3431; x_wconf 84' lang='lat' dir='ltr'><strong>Graeciae</strong></span> <span class='ocrx_word' id='word_1_298' title='bbox 723 3375 753 3429; x_wconf 90' lang='lat' dir='ltr'><strong>in</strong></span> <span class='ocrx_word' id='word_1_299' title='bbox 775 3377 879 3429; x_wconf 87' lang='lat' dir='ltr'><strong>terram</strong></span> <span class='ocrx_word' id='word_1_300' title='bbox 902 3373 1037 3428; x_wconf 66' lang='lat' dir='ltr'><strong>Bottiaia:</strong></span> <span class='ocrx_word' id='word_1_301' title='bbox 1059 3389 1114 3444; x_wconf 86' lang='lat' dir='ltr'><strong>pro</strong></span> <span class='ocrx_word' id='word_1_302' title='bbox 1136 3389 1191 3444; x_wconf 78' lang='lat' dir='ltr'><strong>qao</strong></span> <span class='ocrx_word' id='word_1_303' title='bbox 1207 3376 1342 3445; x_wconf 59' lang='lat' dir='ltr'><strong>potam</strong></span> 
     </span>
     <span class='ocr_line' id='line_1_32' title="bbox 190 3462 1339 3529; baseline 0 -10"><span class='ocrx_word' id='word_1_304' title='bbox 190 3465 271 3519; x_wconf 79' lang='lat' dir='ltr'><strong>etiam</strong></span> <span class='ocrx_word' id='word_1_305' title='bbox 296 3462 358 3519; x_wconf 85' lang='lat' dir='ltr'><strong>abit</strong></span> <span class='ocrx_word' id='word_1_306' title='bbox 374 3464 405 3518; x_wconf 88' lang='lat' dir='ltr'><strong>in</strong></span> <span class='ocrx_word' id='word_1_307' title='bbox 426 3464 560 3520; x_wconf 84' lang='lat' dir='ltr'><strong>Graeciae</strong></span> <span class='ocrx_word' id='word_1_308' title='bbox 578 3468 684 3521; x_wconf 90' lang='lat' dir='ltr'><strong>terram</strong></span> <span class='ocrx_word' id='word_1_309' title='bbox 771 3463 935 3517; x_wconf 71' lang='lat' dir='ltr'><strong>tultimam</strong></span> <span class='ocrx_word' id='word_1_310' title='bbox 955 3463 1027 3518; x_wconf 62' lang='lat' dir='ltr'><strong>latri.</strong></span> <span class='ocrx_word' id='word_1_311' title='bbox 1064 3462 1182 3529; x_wconf 72' lang='lat' dir='ltr'><strong>scrtom</strong></span> <span class='ocrx_word' id='word_1_312' title='bbox 1199 3463 1339 3519; x_wconf 76' lang='lat' dir='ltr'><strong>intumm</strong></span> 
     </span>
     <span class='ocr_line' id='line_1_33' title="bbox 189 3551 1338 3622; baseline 0.002 -15"><span class='ocrx_word' id='word_1_313' title='bbox 189 3553 246 3620; x_wconf 83' lang='lat' dir='ltr'><strong>suit</strong></span> <span class='ocrx_word' id='word_1_314' title='bbox 322 3559 337 3607; x_wconf 85' lang='grc'><strong>7</strong></span> <span class='ocrx_word' id='word_1_315' title='bbox 360 3554 486 3607; x_wconf 77' lang='lat' dir='ltr'><strong>Mortuos</strong></span> <span class='ocrx_word' id='word_1_316' title='bbox 511 3551 699 3622; x_wconf 83' lang='lat' dir='ltr'><strong>Stymphaliet</strong></span> <span class='ocrx_word' id='word_1_317' title='bbox 720 3552 900 3608; x_wconf 78' lang='lat' dir='ltr'><strong>Riteclwliua:</strong></span> <span class='ocrx_word' id='word_1_318' title='bbox 927 3553 962 3619; x_wconf 73' lang='lat' dir='ltr'><strong>cs.</strong></span> <span class='ocrx_word' id='word_1_319' title='bbox 987 3552 1025 3607; x_wconf 80' lang='lat' dir='ltr'><strong>ad</strong></span> <span class='ocrx_word' id='word_1_320' title='bbox 1044 3567 1076 3621; x_wconf 78' lang='lat' dir='ltr'><strong>p.</strong></span> <span class='ocrx_word' id='word_1_321' title='bbox 1100 3556 1237 3618; x_wconf 83' lang='lat'><strong><em>211,11.</em></strong></span> <span class='ocrx_word' id='word_1_322' title='bbox 1265 3568 1338 3609; x_wconf 76' lang='lat' dir='ltr'><strong>rnor-</strong></span> 
     </span>
     <span class='ocr_line' id='line_1_34' title="bbox 189 3638 1336 3712; baseline 0.002 -17"><span class='ocrx_word' id='word_1_323' title='bbox 189 3643 255 3696; x_wconf 83' lang='lat' dir='ltr'><strong>tnua</strong></span> <span class='ocrx_word' id='word_1_324' title='bbox 280 3644 324 3697; x_wconf 87' lang='lat' dir='ltr'><strong>eet</strong></span> <span class='ocrx_word' id='word_1_325' title='bbox 346 3641 434 3697; x_wconf 84' lang='lat' dir='ltr'><strong>infala</strong></span> <span class='ocrx_word' id='word_1_326' title='bbox 452 3642 488 3697; x_wconf 90' lang='lat' dir='ltr'><strong><em>A.</em></strong></span> <span class='ocrx_word' id='word_1_327' title='bbox 526 3644 650 3697; x_wconf 81' lang='lat' dir='ltr'><strong>mortuus</strong></span> <span class='ocrx_word' id='word_1_328' title='bbox 677 3644 720 3696; x_wconf 85' lang='lat' dir='ltr'><strong>eat</strong></span> <span class='ocrx_word' id='word_1_329' title='bbox 744 3642 773 3696; x_wconf 93' lang='lat' dir='ltr'><strong>in</strong></span> <span class='ocrx_word' id='word_1_330' title='bbox 798 3642 884 3712; x_wconf 88' lang='lat' dir='ltr'><strong>phalo</strong></span> <span class='ocrx_word' id='word_1_331' title='bbox 902 3640 992 3695; x_wconf 68' lang='grc' dir='ltr'><strong>ΒΜ*</strong></span> <span class='ocrx_word' id='word_1_332' title='bbox 1011 3645 1037 3695; x_wconf 81' lang='lat' dir='ltr'><strong>et</strong></span> <span class='ocrx_word' id='word_1_333' title='bbox 1053 3641 1112 3696; x_wconf 76' lang='lat' dir='ltr'><strong>aiei</strong></span> <span class='ocrx_word' id='word_1_334' title='bbox 1129 3641 1204 3710; x_wconf 69' lang='lat' dir='ltr'><strong>quod</strong></span> <span class='ocrx_word' id='word_1_335' title='bbox 1221 3638 1336 3712; x_wconf 78' lang='lat' dir='ltr'><strong>inphalo</strong></span> 
     </span>
     <span class='ocr_line' id='line_1_35' title="bbox 191 3728 1337 3799; baseline 0.003 -16"><span class='ocrx_word' id='word_1_336' title='bbox 191 3730 220 3784; x_wconf 79' lang='lat'><strong>0.</strong></span> <span class='ocrx_word' id='word_1_337' title='bbox 247 3730 373 3785; x_wconf 77' lang='lat' dir='ltr'><strong>Mortuus</strong></span> <span class='ocrx_word' id='word_1_338' title='bbox 392 3733 435 3784; x_wconf 83' lang='lat' dir='ltr'><strong>eet</strong></span> <span class='ocrx_word' id='word_1_339' title='bbox 451 3729 481 3784; x_wconf 94' lang='lat' dir='ltr'><strong>in</strong></span> <span class='ocrx_word' id='word_1_340' title='bbox 499 3731 584 3799; x_wconf 87' lang='lat' dir='ltr'><strong>pholo</strong></span> <span class='ocrx_word' id='word_1_341' title='bbox 604 3730 637 3784; x_wconf 85' lang='lat' dir='ltr'><strong>G.</strong></span> <span class='ocrx_word' id='word_1_342' title='bbox 674 3732 799 3785; x_wconf 79' lang='lat' dir='ltr'><strong>mortuus</strong></span> <span class='ocrx_word' id='word_1_343' title='bbox 818 3733 861 3785; x_wconf 85' lang='lat' dir='ltr'><strong>eat</strong></span> <span class='ocrx_word' id='word_1_344' title='bbox 879 3728 908 3783; x_wconf 94' lang='lat' dir='ltr'><strong>in</strong></span> <span class='ocrx_word' id='word_1_345' title='bbox 926 3728 1079 3798; x_wconf 83' lang='lat' dir='ltr'><strong>rtimphalo</strong></span> <span class='ocrx_word' id='word_1_346' title='bbox 1096 3728 1161 3785; x_wconf 80' lang='grc' dir='ltr'><strong>ΕΖ.</strong></span> <span class='ocrx_word' id='word_1_347' title='bbox 1199 3729 1337 3786; x_wconf 68' lang='lat' dir='ltr'><strong>notrum</strong></span> 
     </span>
     <span class='ocr_line' id='line_1_36' title="bbox 191 3818 1335 3890; baseline 0.002 -17"><span class='ocrx_word' id='word_1_348' title='bbox 191 3818 358 3889; x_wconf 85' lang='lat' dir='ltr'><strong>Stymphalo</strong></span> <span class='ocrx_word' id='word_1_349' title='bbox 385 3818 517 3887; x_wconf 69' lang='lat' dir='ltr'><strong>Rolhiua</strong></span> <span class='ocrx_word' id='word_1_350' title='bbox 542 3818 571 3873; x_wconf 91' lang='lat' dir='ltr'><strong>in</strong></span> <span class='ocrx_word' id='word_1_351' title='bbox 594 3821 715 3874; x_wconf 74' lang='lat' dir='ltr'><strong>inserena</strong></span> <span class='ocrx_word' id='word_1_352' title='bbox 736 3826 800 3890; x_wconf 83' lang='lat' dir='ltr'><strong>poet</strong></span> <span class='ocrx_word' id='word_1_353' title='bbox 818 3820 955 3875; x_wconf 85' lang='lat' dir='ltr'><strong>Arcadiae</strong></span> <span class='ocrx_word' id='word_1_354' title='bbox 1062 3818 1192 3875; x_wconf 85' lang='lat' dir='ltr'><strong>arcadiae</strong></span> <span class='ocrx_word' id='word_1_355' title='bbox 1211 3819 1250 3876; x_wconf 82' lang='lat' dir='ltr'><strong>E.</strong></span> <span class='ocrx_word' id='word_1_356' title='bbox 1287 3820 1335 3875; x_wconf 79' lang='lat' dir='ltr'><strong>Ar·</strong></span> 
     </span>
     <span class='ocr_line' id='line_1_37' title="bbox 190 3906 1333 3980; baseline 0.002 -17"><span class='ocrx_word' id='word_1_357' title='bbox 190 3907 270 3964; x_wconf 87' lang='lat' dir='ltr'><strong>cadie</strong></span> <span class='ocrx_word' id='word_1_358' title='bbox 290 3908 322 3964; x_wconf 88' lang='lat' dir='ltr'><strong>Z.</strong></span> <span class='ocrx_word' id='word_1_359' title='bbox 355 3908 486 3964; x_wconf 86' lang='lat' dir='ltr'><strong>arehaide</strong></span> <span class='ocrx_word' id='word_1_360' title='bbox 504 3909 540 3964; x_wconf 89' lang='lat' dir='ltr'><strong>B.</strong></span> <span class='ocrx_word' id='word_1_361' title='bbox 572 3909 722 3966; x_wconf 86' lang='lat' dir='ltr'><strong>archadiae</strong></span> <span class='ocrx_word' id='word_1_362' title='bbox 741 3912 821 3966; x_wconf 79' lang='lat' dir='ltr'><strong>ceteri</strong></span> <span class='ocrx_word' id='word_1_363' title='bbox 928 3908 1013 3980; x_wconf 88' lang='lat' dir='ltr'><strong>opido</strong></span> <span class='ocrx_word' id='word_1_364' title='bbox 1031 3909 1087 3963; x_wconf 88' lang='lat' dir='ltr'><strong><em>AB</em></strong></span> <span class='ocrx_word' id='word_1_365' title='bbox 1194 3907 1285 3964; x_wconf 87' lang='lat' dir='ltr'><strong>nichil</strong></span> <span class='ocrx_word' id='word_1_366' title='bbox 1300 3906 1333 3965; x_wconf 80' lang='lat' dir='ltr'><strong><em>A</em></strong></span> 
     </span>
     <span class='ocr_line' id='line_1_38' title="bbox 190 3996 1336 4068; baseline -0.002 -16"><span class='ocrx_word' id='word_1_367' title='bbox 190 3997 230 4052; x_wconf 93' lang='lat' dir='ltr'><strong>nil</strong></span> <span class='ocrx_word' id='word_1_368' title='bbox 254 3997 287 4052; x_wconf 83' lang='lat' dir='ltr'><strong>G.</strong></span> <span class='ocrx_word' id='word_1_369' title='bbox 325 3997 396 4052; x_wconf 88' lang='lat' dir='ltr'><strong>nihil</strong></span> <span class='ocrx_word' id='word_1_370' title='bbox 423 3999 516 4053; x_wconf 58' lang='lat' dir='ltr'><strong>celem.-</strong></span> <span class='ocrx_word' id='word_1_371' title='bbox 543 4003 568 4052; x_wconf 81' lang='lat' dir='ltr'><strong>et</strong></span> <span class='ocrx_word' id='word_1_372' title='bbox 595 4000 635 4054; x_wconf 77' lang='lat' dir='ltr'><strong>cic</strong></span> <span class='ocrx_word' id='word_1_373' title='bbox 657 4015 745 4068; x_wconf 78' lang='lat' dir='ltr'><strong>prope</strong></span> <span class='ocrx_word' id='word_1_374' title='bbox 771 4003 926 4054; x_wconf 71' lang='lat' dir='ltr'><strong>cantanter</strong></span> <span class='ocrx_word' id='word_1_375' title='bbox 1032 3997 1133 4053; x_wconf 91' lang='lat' dir='ltr'><strong>Publio</strong></span> <span class='ocrx_word' id='word_1_376' title='bbox 1159 3996 1336 4055; x_wconf 69' lang='lat' dir='ltr'><strong>Bileateliar:</strong></span> 
     </span>
     <span class='ocr_line' id='line_1_39' title="bbox 189 4087 1334 4157; baseline 0.001 -17"><span class='ocrx_word' id='word_1_377' title='bbox 189 4087 261 4156; x_wconf 80' lang='lat' dir='ltr'><strong>qaod</strong></span> <span class='ocrx_word' id='word_1_378' title='bbox 280 4091 344 4156; x_wconf 77' lang='lat' dir='ltr'><strong>poet</strong></span> <span class='ocrx_word' id='word_1_379' title='bbox 367 4091 502 4156; x_wconf 80' lang='lat' dir='ltr'><strong>repertum</strong></span> <span class='ocrx_word' id='word_1_380' title='bbox 520 4092 558 4142; x_wconf 78' lang='lat' dir='ltr'><strong>eat</strong></span> <span class='ocrx_word' id='word_1_381' title='bbox 575 4089 606 4143; x_wconf 78' lang='lat' dir='ltr'><strong>ia</strong></span> <span class='ocrx_word' id='word_1_382' title='bbox 625 4089 661 4146; x_wconf 85' lang='grc' dir='ltr'><strong>Ε.</strong></span> <span class='ocrx_word' id='word_1_383' title='bbox 685 4087 801 4143; x_wconf 79' lang='lat' dir='ltr'><strong>Publius</strong></span> <span class='ocrx_word' id='word_1_384' title='bbox 819 4088 884 4144; x_wconf 79' lang='lat' dir='ltr'><strong><em>Ald.</em></strong></span> <span class='ocrx_word' id='word_1_385' title='bbox 903 4087 934 4141; x_wconf 92' lang='grc' dir='ltr'><strong>Ρ.</strong></span> <span class='ocrx_word' id='word_1_386' title='bbox 953 4087 980 4141; x_wconf 87' lang='lat' dir='ltr'><strong><em>A</em></strong></span> <span class='ocrx_word' id='word_1_387' title='bbox 1000 4088 1037 4156; x_wconf 82' lang='lat' dir='ltr'><strong>(et</strong></span> <span class='ocrx_word' id='word_1_388' title='bbox 1050 4103 1097 4156; x_wconf 78' lang='lat' dir='ltr'><strong>pr.</strong></span> <span class='ocrx_word' id='word_1_389' title='bbox 1115 4087 1225 4157; x_wconf 67' lang='lat' dir='ltr'><strong>quidm</strong></span> <span class='ocrx_word' id='word_1_390' title='bbox 1241 4102 1334 4153; x_wconf 69' lang='lat' dir='ltr'><strong>num,</strong></span> 
     </span>
     <span class='ocr_line' id='line_1_40' title="bbox 190 4175 1335 4247; baseline 0 -16"><span class='ocrx_word' id='word_1_391' title='bbox 190 4177 236 4232; x_wconf 81' lang='lat' dir='ltr'><strong>aed</strong></span> <span class='ocrx_word' id='word_1_392' title='bbox 250 4176 432 4245; x_wconf 73' lang='lat' dir='ltr'><strong>praemiacum</strong></span> <span class='ocrx_word' id='word_1_393' title='bbox 449 4176 657 4246; x_wconf 65' lang='lat' dir='ltr'><strong>initiorum),</strong></span> <span class='ocrx_word' id='word_1_394' title='bbox 673 4177 786 4232; x_wconf 81' lang='lat' dir='ltr'><em>ODFZ.</em></span> <span class='ocrx_word' id='word_1_395' title='bbox 806 4195 833 4246; x_wconf 89' lang='lat' dir='ltr'><strong>p.</strong></span> <span class='ocrx_word' id='word_1_396' title='bbox 848 4176 883 4231; x_wconf 88' lang='lat' dir='ltr'><strong>B.</strong></span> <span class='ocrx_word' id='word_1_397' title='bbox 903 4175 937 4230; x_wconf 90' lang='lat' dir='ltr'><strong>ei.</strong></span> <span class='ocrx_word' id='word_1_398' title='bbox 956 4193 984 4245; x_wconf 90' lang='lat' dir='ltr'><strong>p.</strong></span> <span class='ocrx_word' id='word_1_399' title='bbox 1002 4175 1027 4230; x_wconf 78' lang='lat' dir='ltr'><em>G</em></span> <span class='ocrx_word' id='word_1_400' title='bbox 1100 4182 1117 4232; x_wconf 90' lang='lat'>8</span> <span class='ocrx_word' id='word_1_401' title='bbox 1137 4176 1232 4247; x_wconf 85' lang='lat' dir='ltr'><strong>Scipio</strong></span> <span class='ocrx_word' id='word_1_402' title='bbox 1241 4214 1335 4233; x_wconf 88' lang='grc'><strong>......</strong></span> 
     </span>
     <span class='ocr_line' id='line_1_41' title="bbox 190 4262 1335 4335; baseline 0 -15"><span class='ocrx_word' id='word_1_403' title='bbox 190 4266 317 4320; x_wconf 76' lang='lat' dir='ltr'><strong>cernulus</strong></span> <span class='ocrx_word' id='word_1_404' title='bbox 335 4265 415 4333; x_wconf 71' lang='lat' dir='ltr'><strong>infra</strong></span> <span class='ocrx_word' id='word_1_405' title='bbox 432 4266 534 4320; x_wconf 73' lang='lat' dir='ltr'><strong>iterem</strong></span> <span class='ocrx_word' id='word_1_406' title='bbox 552 4268 618 4322; x_wconf 82' lang='lat' dir='ltr'><strong>libri</strong></span> <span class='ocrx_word' id='word_1_407' title='bbox 634 4283 662 4335; x_wconf 82' lang='lat' dir='ltr'><strong>p.</strong></span> <span class='ocrx_word' id='word_1_408' title='bbox 681 4272 750 4332; x_wconf 84' lang='lat'><strong><em>212,</em></strong></span> <span class='ocrx_word' id='word_1_409' title='bbox 769 4272 787 4320; x_wconf 85' lang='lat'><strong><em>6</em></strong></span> <span class='ocrx_word' id='word_1_410' title='bbox 869 4264 993 4335; x_wconf 87' lang='lat' dir='ltr'><strong>Scipioni</strong></span> <span class='ocrx_word' id='word_1_411' title='bbox 1011 4264 1048 4321; x_wconf 81' lang='grc' dir='ltr'><strong>Ε.</strong></span> <span class='ocrx_word' id='word_1_412' title='bbox 1069 4265 1113 4322; x_wconf 90' lang='lat' dir='ltr'><strong>Sc.</strong></span> <span class='ocrx_word' id='word_1_413' title='bbox 1132 4264 1159 4320; x_wconf 81' lang='lat' dir='ltr'><strong><em>G</em></strong></span> <span class='ocrx_word' id='word_1_414' title='bbox 1230 4262 1335 4335; x_wconf 73' lang='lat' dir='ltr'><strong>proruit</strong></span> 
     </span>
     <span class='ocr_line' id='line_1_42' title="bbox 189 4350 1334 4425; baseline -0.002 -15"><span class='ocrx_word' id='word_1_415' title='bbox 189 4355 339 4424; x_wconf 76' lang='lat' dir='ltr'><strong><em>BGDEZ,</em></strong></span> <span class='ocrx_word' id='word_1_416' title='bbox 362 4371 423 4424; x_wconf 81' lang='lat' dir='ltr'><strong>cup.</strong></span> <span class='ocrx_word' id='word_1_417' title='bbox 442 4370 493 4410; x_wconf 83' lang='lat' dir='ltr'><strong>aer.</strong></span> <span class='ocrx_word' id='word_1_418' title='bbox 513 4356 569 4423; x_wconf 79' lang='lat' dir='ltr'><strong>Gb,</strong></span> <span class='ocrx_word' id='word_1_419' title='bbox 594 4372 661 4425; x_wconf 71' lang='lat' dir='ltr'><strong>carp.</strong></span> <span class='ocrx_word' id='word_1_420' title='bbox 681 4355 734 4410; x_wconf 76' lang='lat' dir='ltr'><strong>Fu.</strong></span> <span class='ocrx_word' id='word_1_421' title='bbox 754 4372 804 4412; x_wconf 88' lang='lat' dir='ltr'><strong>om.</strong></span> <span class='ocrx_word' id='word_1_422' title='bbox 825 4355 929 4410; x_wconf 85' lang='lat' dir='ltr'><strong>GaFc.</strong></span> <span class='ocrx_word' id='word_1_423' title='bbox 954 4354 980 4408; x_wconf 89' lang='lat' dir='ltr'><strong>ei</strong></span> <span class='ocrx_word' id='word_1_424' title='bbox 1000 4353 1108 4424; x_wconf 79' lang='lat' dir='ltr'><strong>profuit</strong></span> <span class='ocrx_word' id='word_1_425' title='bbox 1125 4355 1153 4409; x_wconf 90' lang='lat' dir='ltr'><strong><em>A</em></strong></span> <span class='ocrx_word' id='word_1_426' title='bbox 1239 4352 1283 4409; x_wconf 90' lang='lat' dir='ltr'><strong>illi</strong></span> <span class='ocrx_word' id='word_1_427' title='bbox 1299 4350 1334 4408; x_wconf 87' lang='lat' dir='ltr'><strong><em>A.</em></strong></span> 
     </span>
     <span class='ocr_line' id='line_1_43' title="bbox 189 4438 1335 4514; baseline -0.003 -14"><span class='ocrx_word' id='word_1_428' title='bbox 189 4444 215 4500; x_wconf 88' lang='lat' dir='ltr'><strong>ei</strong></span> <span class='ocrx_word' id='word_1_429' title='bbox 234 4446 314 4501; x_wconf 80' lang='lat' dir='ltr'><strong>ceteri</strong></span> <span class='ocrx_word' id='word_1_430' title='bbox 379 4443 463 4499; x_wconf 76' lang='lat' dir='ltr'><strong>lelius</strong></span> <span class='ocrx_word' id='word_1_431' title='bbox 482 4443 596 4499; x_wconf 81' lang='lat' dir='ltr'><strong><em>AODZ.</em></strong></span> <span class='ocrx_word' id='word_1_432' title='bbox 617 4442 706 4499; x_wconf 87' lang='lat' dir='ltr'><strong>lucina</strong></span> <span class='ocrx_word' id='word_1_433' title='bbox 724 4443 760 4497; x_wconf 92' lang='lat' dir='ltr'><strong>B.</strong></span> <span class='ocrx_word' id='word_1_434' title='bbox 780 4444 810 4499; x_wconf 86' lang='lat' dir='ltr'><strong>L.</strong></span> <span class='ocrx_word' id='word_1_435' title='bbox 832 4443 857 4498; x_wconf 85' lang='lat' dir='ltr'><em>G</em></span> <span class='ocrx_word' id='word_1_436' title='bbox 925 4442 967 4496; x_wconf 92' lang='lat' dir='ltr'><strong>nil</strong></span> <span class='ocrx_word' id='word_1_437' title='bbox 984 4444 1024 4497; x_wconf 78' lang='lat' dir='ltr'><strong>eie</strong></span> <span class='ocrx_word' id='word_1_438' title='bbox 1042 4442 1073 4496; x_wconf 82' lang='grc' dir='ltr'><em>Ε</em></span> <span class='ocrx_word' id='word_1_439' title='bbox 1135 4441 1249 4514; x_wconf 71' lang='lat' dir='ltr'><strong>iuria]</strong></span> <span class='ocrx_word' id='word_1_440' title='bbox 1266 4438 1335 4497; x_wconf 73' lang='lat' dir='ltr'>M</span> 
     </span>
    </p>
   </div>
   <div class='ocr_carea' id='block_1_6' title="bbox 0 0 1492 5018">
    <p class='ocr_par' dir='ltr' id='par_1_6' title="bbox 0 0 1492 5018">
     <span class='ocr_line' id='line_1_44' title="bbox 0 0 1492 5018; baseline 0 0"><span class='ocrx_word' id='word_1_441' title='bbox 0 0 1492 5018; x_wconf 95' lang='lat' dir='ltr'><strong> </strong></span> 
     </span>
    </p>
   </div>
  </div>
 </body>
</html>
