2932 5026
501 342 573 389 nuic
596 343 754 390 DICHTEB
778 342 921 391 nnoaos.
1217 324 1281 390 733

229 485 426 552 offenderim.
472 485 506 550 in
534 486 637 550 reditu
662 492 712 551 est
734 487 815 551 mihi
838 485 1000 570 possessio
1023 485 1215 549 litterarum.
1240 521 1282 531 —

134 594 178 659 90
225 591 253 658 0
275 614 344 657 rem
367 591 640 676 indignissimam!
670 597 703 657 et
725 615 823 677 quam
847 613 949 678 aequo
972 592 1037 656 fers
1060 590 1140 656 illud
1164 592 1283 674 animo,

227 699 338 763 sedere
370 699 403 763 in
438 697 559 763 scholis
590 703 623 762 et
654 700 762 781 pueris
795 699 1003 783 praecipere?
1034 735 1071 744 —
1102 698 1153 761 Ad
1185 719 1282 781 quam

223 805 313 869 illius
343 804 633 889 interrogationem
665 806 701 868 in
732 805 817 870 hunc
850 805 981 869 modum
1014 805 1173 889 respondi.
1217 826 1283 868 non

224 913 324 977 miror
363 913 422 992 [te]
460 910 529 975 eius
555 932 651 987 ‚nunc
682 933 752 976 esse
782 911 1017 995 persuasionis,
1053 933 1117 996 qua
1149 914 1183 975 et
1212 912 1283 996 ipse

226 1040 354 1105 quoque
377 1018 553 1102 aliquando
577 1018 632 1082 diu
654 1018 811 1083 laboravi.
847 1023 953 1084 totum
976 1019 1073 1101 enim,
1095 1017 1180 1102 quod
1204 1017 1282 1098 [hic]

132 1129 178 1192 95
225 1127 364 1212 egimus,
401 1126 656 1210 quinquennium
685 1126 733 1190 ita
762 1126 842 1190 mihi
872 1131 1058 1210 pertaesum
1088 1128 1159 1188 erat
1186 1123 1283 1187 buius

225 1232 446 1318 professionis,
468 1237 505 1298 ut
527 1221 685 1317 nusquam
709 1233 817 1297 vivere
839 1238 988 1316 putarem
1006 1232 1171 1298 bominem
1191 1230 1284 1294 mise

224 1339 352 1404 riorem.
398 1339 454 1403 sed
483 1339 618 1404 subinde
647 1339 838 1404 retractanti
866 1342 1049 1424 sortemque
1077 1359 1182 1402 meam
1210 1359 1283 1401 cum

226 1445 366 1511 fortunis
404 1449 437 1509 et
473 1446 589 1509 ceteris
628 1447 714 1510 vitae
746 1446 912 1510 laboribus
944 1446 1122 1510 conferenti
1152 1444 1284 1509 tandem

228 1552 403 1635 aliquando
432 1552 614 1635 pulcritudo
644 1553 786 1637 suscepti
810 1553 917 1636 operis
941 1553 1099 1636 apparuit.
1146 1552 1228 1617 scire
1251 1555 1283 1615 te

135 1660 204 1726 100
227 1678 304 1743 ergo
327 1679 412 1722 nunc
436 1663 573 1742 oportet,
595 1659 722 1724 nullum
741 1660 845 1724 maius
868 1659 1045 1744 praedium,
1068 1659 1193 1724 nullam
1211 1680 1284 1742 pro·

226 1765 439 1849 curationem,
470 1766 595 1830 nullum
628 1765 784 1830 honorem
817 1766 959 1844 decerni,
992 1772 1131 1852 quantus
1161 1766 1214 1830 hic
1242 1766 1285 1829 sit

226 1876 357 1938 nostrae
381 1871 601 1955 professionis.
634 1893 751 1955 nempe
775 1873 803 1936 si
827 1872 909 1937 mibi
927 1873 1087 1937 maximus
1107 1872 1284 1956 imperator

226 1979 315 2043 mille
352 1978 402 2042 vel
439 1982 567 2042 centum
604 1977 750 2042 homines
787 1979 946 2064 regendos
979 1979 1181 2062 tradidisset,
1218 2000 1283 2043 non

226 2083 396 2150 mediocris
427 2082 532 2148 bonos
561 2084 691 2148 habitus
720 2084 800 2148 mihi
828 2085 1003 2169 videretur,
1036 2086 1114 2151 cedo
1143 2086 1172 2150 si
1194 2108 1284 2169 prae·

136 2193 203 2257 105
226 2192 400 2272 facturam,
428 2189 456 2253 si
480 2190 697 2255 tribunatum:
724 2213 841 2274 nempe
864 2191 949 2255 idem
972 2192 1090 2277 honos,
1112 2193 1175 2257 nisi
1200 2192 1285 2276 quod

228 2319 350 2362 merces
379 2296 525 2380 amplior.
572 2298 600 2361 si
628 2317 706 2382 ergo
735 2318 800 2361 non
824 2295 957 2380 Caesar,
985 2299 1041 2363 sed
1069 2299 1201 2364 fortuna
1223 2299 1284 2363 hoc

227 2425 329 2490 genus
352 2404 503 2468 stationis
527 2404 676 2487 iniunxit,
699 2405 746 2469 uti
770 2405 879 2488 pueris
902 2405 1052 2490 ingenuis
1071 2409 1168 2489 atque
1187 2404 1285 2469 hone·

228 2512 288 2576 stis
325 2510 555 2594 praesiderem:
592 2533 698 2576 nonne
735 2512 797 2576 tibi
836 2512 974 2593 [videor]
1007 2513 1154 2596 pulcrum
1187 2515 1284 2596 atque

232 2617 439 2702 magnificum
471 2623 663 2683 consecutus
687 2617 852 2683 officium?
898 2640 1017 2704 quaeso
1042 2620 1127 2684 enim
1151 2620 1284 2703 propius

138 2727 204 2791 110
228 2726 367 2806 intuere,
396 2729 504 2789 utrum
532 2726 729 2808 praeclarius
759 2726 802 2790 sit
825 2727 983 2809 sagulatis
1008 2749 1050 2791 an
1072 2726 1284 2811 praetextatis

229 2831 412 2914 imperare?
436 2832 585 2896 barbaris
609 2834 813 2916 efferatisque
832 2834 1016 2917 pectoribus
1037 2856 1078 2898 an
1097 2832 1231 2897 mitibus
1251 2838 1284 2897 et

229 2939 391 3003 innoxiis?
415 2939 499 3003 bone
514 2939 646 3024 Iupiter,
665 2962 761 3024 quam
777 2940 1030 3023 imperatorium,
1049 2962 1145 3023 quam
1160 2940 1283 3024 regium

229 3051 279 3111 est
311 3047 421 3110 sedere
454 3070 473 3110 a
505 3051 662 3136 suggestu
694 3048 947 3130 praecipientem
980 3047 1083 3112 bonos
1116 3069 1223 3113 mores
1253 3052 1286 3111 et

230 3173 395 3216 sacrarum
422 3153 531 3216 studia
554 3153 751 3236 litterarum,
780 3155 846 3218 iam
869 3154 1013 3217 carmina
1036 3154 1286 3240 praelegentem,

138 3260 206 3324 115
228 3258 344 3343 quibus
374 3280 430 3322 ora
457 3263 646 3342 mentesque
673 3260 866 3341 formantur,
899 3260 965 3324 iam
996 3261 1164 3325 sententiis
1187 3261 1285 3325 variis

229 3386 342 3428 sensus
366 3363 568 3444 excitantem,
592 3366 656 3430 iam
681 3367 835 3451 exemplis
859 3389 895 3431 ro
911 3416 1032 3432 ......

229 3470 291 3534 Die
319 3471 585 3555 geringfilgigem
608 3472 872 3557 Abweichungen
897 3472 953 3536 der
975 3471 1188 3536 Handschrift
1211 3473 1285 3537 sind

135 3578 172 3642 Z.
198 3578 218 3641 2
241 3578 342 3658 capud
363 3576 428 3640 und
451 3580 623 3660 striccitate,
647 3582 668 3643 5
691 3580 806 3659 affrice,
831 3579 974 3658 tit-iteris,
997 3578 1083 3642 8-9
1103 3585 1286 3662 osscmoucnt,

138 3687 180 3749 11
213 3685 396 3766 domiciano,
431 3685 469 3746 13
498 3684 621 3763 affrico,
659 3687 699 3750 14
721 3686 832 3765 celbrc,
866 3686 907 3749 15
929 3684 1050 3764 affrice,
1080 3686 1124 3750 46
1146 3687 1287 3769 causas,
1300 3706 1339 3747 aaa

137 3791 183 3854 47
209 3792 369 3872 scaptium,
400 3790 443 3853 55
463 3791 617 3874 parenetes,
641 3793 681 3857 81
708 3794 831 3875 tiriaca,
855 3792 897 3857 83
920 3792 1004 3874 litus,
1028 3792 1069 3857 87
1094 3792 1220 3877 affrico,
1243 3793 1284 3858 91

137 3895 235 3977 scotti,
262 3898 320 3961 111
346 3897 497 3978 inperare,
524 3897 585 3961 112
609 3899 840 3979 irrperutocium.
878 3896 952 3961 Von
975 3897 1124 3961 stiirkern
1148 3897 1288 3965 Fehlern

137 4001 186 4065 ist
204 4000 260 4066 der
274 4003 404 4068 Ausfall
425 4004 584 4068 einzelnen
599 4004 731 4069 Wbrter
750 4006 807 4069 das
822 4003 1002 4088 Hiufigste,
1022 4003 1082 4066 wie
1101 4003 1185 4068 denn
1205 4006 1285 4071 alles

137 4108 441 4193 Eingeklammerte
465 4111 557 4175 nicht
579 4112 614 4175 in
632 4111 688 4175 der
706 4109 920 4176 Handschrift
939 4108 1036 4191 steht,
1059 4110 1198 4174 sondem
1216 4134 1285 4176 ver-

139 4215 255 4281 suchte
278 4215 478 4299 Ansfullung
501 4216 785 4280 muthmasslicber
807 4215 936 4279 Litclren
959 4216 1016 4280 ist:
1046 4214 1146 4280 daher
1169 4219 1286 4301 gerade

139 4324 177 4387 in
208 4321 314 4387 dieser
340 4320 527 4405 Baziehung
559 4323 615 4386 der
637 4322 800 4387 Vardacht
832 4322 919 4386 wohl
951 4322 1034 4388 auch
1062 4322 1146 4387 noch
1174 4325 1286 4390 weiter

141 4428 250 4517 geben
272 4428 351 4494 dart.
374 4464 411 4474 —
433 4427 468 4493 P.
490 4427 634 4512 ANNll]
658 4429 813 4495 PANNII
837 4430 888 4495 dic
911 4428 1133 4497 Handschrift.
1152 4467 1193 4478 —
1214 4430 1246 4500 Z.
1266 4436 1283 4500 1
1387 4455 1393 4465 ·
