2932 5026
267 272 309 336 80
615 291 1059 342 s1o-s1nn1oouarn1scnss

309 432 359 496 uis
384 432 428 496 sit
450 432 491 497 ab
516 433 706 518 indiligente
730 457 768 500 ao
790 459 856 501 non
879 437 1053 502 admodum
1077 434 1205 500 erudito
1229 433 1339 500 scriba
1362 456 1417 500 ex·

309 544 417 604 aratus
447 540 530 604 liber
557 542 627 625 ille,
655 563 760 607 meam
789 547 899 608 tamen
927 543 1153 609 assiduitatem
1182 544 1281 627 atque
1310 545 1416 607 atten-

308 647 431 711 tionem
455 670 551 734 saepe
574 671 640 713 non
658 672 773 733 parum
793 651 927 717 adiuuit.
959 650 1067 735 Atque
1086 671 1146 736 ego
1166 647 1417 735 Norimbergae,

308 775 379 818 cum
400 777 463 819 vna
483 775 635 839 essemus,
654 755 826 831 Eobanum
845 756 996 842 Bessum,
1011 755 1120 844 (quem
1140 761 1176 841 tu
1197 760 1274 822 ante
1294 759 1416 824 multos

308 883 409 926 annos
433 861 562 946 Lipsiae
589 885 753 928 reuersum
783 888 799 929 e
823 865 956 930 Prussia
979 868 1012 929 et
1034 864 1175 929 dilexisti
1199 866 1292 931 vnica
1316 870 1351 931 et
1372 865 1416 931 fe

308 969 382 1034 cisti
410 968 558 1056 maximi)
586 970 673 1036 hunc
701 971 802 1057 igitur
828 972 929 1038 habui
959 976 992 1037 et
1016 973 1139 1038 socium
1162 972 1287 1039 laboris
1311 973 1416 1058 istius,

308 1080 341 1140 et
369 1099 459 1142 meae
483 1078 662 1144 industriae
686 1078 949 1164 approbatorem,
978 1083 1011 1144 et
1034 1078 1263 1145 admiratorem
1287 1101 1416 1165 quoque

309 1184 343 1249 in
366 1184 429 1250 hoc
453 1205 572 1270 genere
596 1184 757 1251 solertiae.
800 1184 939 1271 Operam
963 1190 1073 1251 autem
1096 1185 1172 1251 huic
1194 1186 1416 1252 emendationi

307 1292 502 1378 impensam,
533 1292 696 1377 ducerem,
725 1297 762 1358 ut
785 1314 896 1358 verum
919 1292 1038 1378 fatear,
1064 1293 1215 1376 nimiam,
1241 1293 1308 1358 nisi
1331 1292 1416 1360 mihi
1450 1372 1454 1378 ι

307 1422 497 1483 persuasum
522 1404 623 1486 essct,
644 1401 826 1486 neglectam
850 1400 1006 1466 hactenus
1030 1400 1203 1465 lectionem
1226 1405 1415 1467 accuratam

307 1506 493 1572 huiusmodi
518 1512 694 1592 auctorum,
718 1508 897 1573 discentum
923 1509 981 1589 [so]
1003 1507 1110 1572 studia
1128 1506 1324 1592 impediisse,
1349 1529 1415 1594 quo

308 1614 413 1678 minus
445 1613 679 1698 proprietatem
712 1614 841 1700 linguae
874 1613 1012 1680 Latinae
1045 1618 1179 1698 possent
1209 1636 1415 1700 cognoscere.

309 1720 371 1786 Est
399 1725 506 1786 autem
535 1743 608 1805 spes
637 1721 719 1787 mihi
747 1723 836 1788 facta
864 1723 997 1788 alterius
1024 1722 1158 1807 insuper
1184 1723 1325 1808 exempli
1353 1720 1416 1789 (lo

309 1829 507 1894 maedianum
531 1829 647 1914 Plauti,
671 1830 726 1915 qui
751 1832 809 1912 [so]
834 1851 851 1895 e
870 1830 1043 1896 Britannia
1061 1830 1224 1915 afferatur,
1247 1829 1335 1916 quod
1353 1829 1417 1897 hoc

310 1936 338 2000 si
362 1937 445 2003 forte
469 1936 641 2022 accideret,
663 1960 704 2003 ne
729 1939 790 2023 [so,
811 1942 887 2003 11111
909 1940 957 2020 11]
983 1938 1097 2003 liceret
1120 1937 1316 2023 coniungere
1341 1959 1416 2002 cum

309 2045 375 2127 tuo,
392 2043 532 2109 fortasse
551 2045 762 2129 spectandum
781 2050 814 2111 11
828 2044 1031 2129 praeclarum
1045 2045 1144 2110 istum
1158 2044 1278 2109 librum
1293 2042 1415 2109 edituri

309 2151 420 2217 simus.
465 2150 560 2217 Hanc
590 2174 721 2236 operam
752 2155 809 2217 tua
838 2174 958 2237 quaeso
989 2151 1191 2235 humanitas,
1219 2151 1417 2236 repetitione

308 2257 428 2323 codicis
452 2259 509 2342 tui,
533 2280 627 2344 quem
650 2259 713 2324 tibi
736 2257 1335 2353 11131011111111101101111010,
1358 2258 1417 2324 im·

309 2364 419 2448 pedire
434 2366 485 2431 vel
500 2366 690 2449 perturbare
704 2366 799 2450 nolit,
812 2367 936 2452 tibique
950 2367 1153 2451 persuadeas,
1167 2366 1196 2430 si
1205 2362 1296 2431 Deus
1310 2365 1415 2432 aru·

309 2478 365 2537 net
379 2477 514 2539 conatus
532 2495 632 2560 meos,
650 2497 709 2559 pro
729 2475 787 2540 illo
807 2478 865 2540 tuo
884 2474 977 2540 unico
993 2473 1146 2539 mediocri
1160 2473 1255 2556 libro,
1274 2493 1414 2538 measse

313 2586 513 2667 curaturum,
537 2586 573 2646 ut
596 2582 779 2666 complures
803 2581 918 2665 optimi
942 2580 983 2646 ad
1006 2580 1170 2646 studiosos
1193 2580 1356 2645 bonarum
1379 2579 1415 2643 li·

313 2691 456 2753 terarum
480 2693 577 2774 atque
602 2688 721 2753 artium
739 2688 940 2771 perueniant,
963 2691 999 2752 vt
1016 2691 1052 2752 tu
1072 2709 1145 2752 cum
1164 2686 1328 2751 luculento
1347 2685 1415 2752 foe·

312 2816 390 2859 nore
414 2796 654 2861 commodatum
677 2799 769 2859 tuum
793 2798 980 2879 recepturus
1005 2816 1075 2859 esse
1098 2792 1236 2859 videare.
1281 2790 1392 2858 Vale«

358 2971 424 3038 Der
446 2977 573 3059 grosste
597 2971 691 3038 Theil
715 2973 818 3038 dieses
842 2971 966 3038 Briefes
990 2970 1118 3036 bezieht
1141 2969 1223 3053 sich,
1252 2970 1315 3035 wie
1338 2992 1415 3035 man

268 3078 367 3162 sicht,
388 3081 457 3172 ,auf
487 3080 548 3144 den
581 3099 650 3165 sog.
683 3078 820 3144 ‘Vetus
853 3078 986 3146 codex'
1019 3078 1075 3142 des
1107 3073 1252 3141 Plautus
1302 3075 1416 3143 Etwas

266 3186 453 3251 wesentlich
481 3185 590 3252 Neues
622 3187 702 3251 ilber
734 3186 849 3251 dessen
877 3184 1041 3251 Herkunft
1073 3184 1138 3248 und
1165 3183 1217 3249 die
1245 3182 1322 3267 Art,
1354 3183 1416 3248 uie

267 3291 473 3360 Camerarius
496 3316 535 3359 zu
559 3294 625 3358 ihm
649 3295 811 3379 gelangte,
835 3293 985 3358 erfahren
1008 3293 1068 3356 wir
1090 3290 1199 3356 indess
1222 3289 1416 3375 1111111111,

266 3401 405 3467 sondern
428 3424 490 3468 nur
513 3402 586 3467 eine
609 3401 739 3466 weitere
753 3399 972 3485 Bestttigung
994 3400 1050 3464 des
1074 3397 1194 3463 bereits
1217 3419 1275 3462 aus
1299 3397 1414 3462 ander·

266 3509 419 3594 weitigen
437 3509 612 3575 Berichten
633 3508 839 3593 Bekannten,
864 3508 914 3572 die
934 3529 1010 3572 man
1028 3506 1127 3572 theils
1147 3526 1205 3569 aus
1224 3504 1280 3570 des
1300 3502 1414 3570 Came·

267 3617 369 3681 rarius
385 3616 547 3701 ‘Epistola
565 3614 814 3699 nuncupatoria'
829 3615 886 3679 des
900 3614 931 3678 J.
949 3613 1034 3679 1545
1057 3611 1264 3697 (wiederholt
1282 3634 1341 3677 vor
1352 3611 1417 3677 -der

267 3720 422 3808 Ausgabe
446 3721 761 3807 1011552),111111
785 3745 843 3787 aus
866 3721 929 3785 den
951 3719 1173 3806 ergt'rnzenden
1193 3719 1356 3805 Angaben
1380 3719 1415 3783 in

267 3828 398 3894 Pareus'
408 3827 576 3894 Vorreden
591 3828 788 3913 vollsttindig
802 3828 1120 3912 zusammengestellt
1134 3824 1234 3891 findet
1247 3826 1281 3890 in
1295 3823 1416 3910 Opusc.

268 3935 346 4021 phil.
369 3934 401 3999 II
431 3958 461 4019 p.
488 3935 551 4000 100
565 3936 597 4000 ff.
642 3934 709 4001 Das
739 3933 881 4017 Ni‘ahere,
912 3957 978 3998 was
1009 3935 1042 4000 in
1073 3932 1145 3997 dem
1169 3931 1277 3997 Briefe
1304 3930 1416 3996 hinzu-

268 4042 402 4127 lri'rmmt,
425 4048 509 4109 ware
533 4066 595 4108 nur
617 4042 703 4107 dann
727 4041 828 4126 vollig
849 4041 920 4105 1111
938 4063 976 4105 zu
997 4040 1122 4123 stellen,
1145 4059 1239 4127 wenn
1257 4038 1315 4102 wir
1335 4038 1415 4103 111111

269 4150 330 4214 den
353 4148 554 4215 Lebenslaul
580 4148 646 4214 und
676 4148 876 4214 namentlioh
906 4148 957 4213 die
988 4150 1119 4231 spiitern
1144 4143 1331 4211 Schicksale
1344 4145 1415 4245 ,des

267 4255 384 4323 Vitus
399 4255 596 4321 Werlerus
615 4257 725 4321 besser
744 4255 958 4320 rmterrichtet
972 4249 1123 4340 utrem).
1155 4253 1245 4317 Aber
1259 4251 1417 4317 11111111

269 4375 406 4383 —-

341 4418 368 4485 2)
387 4375 520 4470 Fa—st-nur
534 4413 585 4468 aut
596 4414 641 4469 die
656 4409 1415 4483 1111118111111111311111111111*1111111111
