2956 5018
185 301 249 364 548
509 318 625 365 ussus
649 300 791 366 vasuo’s
816 319 993 366 umorsvu

185 460 454 543 interpretatione
483 482 549 525 nou
577 462 701 526 decimo
734 462 832 544 libro,
866 462 921 525 sed
953 462 1052 525 tertio
1081 460 1347 528 architectorum

185 566 420 631 hebdomadam
449 567 654 631 tribuendam
679 589 762 649 esse,
791 569 916 632 eteius
947 567 1078 650 quidem
1103 567 1181 631 libri
1203 569 1352 635 initium

184 672 308 736 fecisse.
350 672 386 735 ld
411 676 520 738 autem
544 679 600 738 aut
627 696 759 757 prorsus
784 674 982 738 caecutimus
1006 679 1063 738 aut
1086 675 1136 738 ita
1158 697 1193 739 se
1216 675 1364 743 habere

185 779 275 844 nullo
294 783 389 862 pacto
410 779 530 862 potuit:
555 783 590 843 ut
608 780 671 843 hac
690 781 724 842 in
743 800 858 843 caussa
876 780 1058 844 cautissimi
1077 781 1201 864 alioqui
1226 782 1370 853 iudicii

185 886 289 949 virum
318 892 431 950 nostro
460 909 557 951 sensu
589 886 751 950 iudicandi
783 886 954 969 prudentia
984 887 1076 952 miris
1104 887 1211 952 modis
1239 886 1372 953 desh-

184 993 292 1056 tuerit
337 991 420 1067 Quid
453 993 561 1057 enim?
600 992 781 1056 secundone
818 993 901 1057 libro
939 994 1121 1058 celebrasse
1155 991 1370 1068 Varronem

185 1102 298 1180 poetas
323 1099 498 1180 credemus,
521 1099 551 1162 id
576 1092 661 1181 quod
686 1099 754 1180 ipse
778 1098 975 1162 Mereklinus
999 1099 1118 1163 statuit
1142 1100 1209 1183 p.9
1234 1101 1365 1191 [536]‚

185 1206 282 1269 tertio
297 1209 406 1269 autem
420 1206 576 1269 transisse
591 1205 643 1269 vel
659 1206 768 1289 potius
783 1205 985 1269 transiluisse
1005 1228 1025 1269 a
1043 1206 1152 1289 poetis
1172 1205 1212 1269 ad
1232 1207 1358 1275 arehi-

185 1314 288 1373 tectos
317 1312 555 1394 praetermissis
584 1334 700 1393 prosae
724 1312 880 1376 orationis
905 1311 1120 1394 scriptoribus
1145 1314 1345 1396 posteriori-

186 1439 247 1499 que
275 1417 347 1482 loco
376 1417 474 1480 alicui
503 1418 697 1481 reservatis?
739 1418 791 1481 An
821 1418 915 1481 unius
945 1418 1021 1481 libri
1050 1418 1185 1483 secundi
1213 1424 1337 1504 septem

185 1523 442 1588 hebdomadibus
472 1524 564 1588 illum
593 1523 758 1589 credamus
787 1532 820 1588 et
848 1528 961 1607 poetas
985 1528 1019 1587 et
1044 1525 1223 1608 scriptores
1250 1548 1329 1592 com·

185 1629 338 1713 plexum?
376 1630 420 1693 Et
447 1629 509 1694 hoc
537 1634 573 1693 ut
601 1631 649 1694 ita
676 1631 822 1713 potuisse
849 1630 977 1695 institui
1010 1631 1194 1716 largiamur
1225 1632 1321 1716 potius

186 1758 283 1819 qaam
311 1735 537 1817 concedamus,
569 1735 644 1820 quid
679 1737 809 1799 tandem
842 1736 923 1800 illud
952 1759 1023 1800 esse
1057 1736 1217 1821 dicamus,
1248 1738 1317 1821 quod

186 1840 297 1905 Graeci
316 1846 392 1905 sunt
409 1863 545 1925 quorum
560 1840 724 1906 Ausonius
739 1842 990 1906 architectorum
1005 1842 1245 1908 hebdomadam
1258 1865 1313 1907 enu-

186 1952 299 2031 merat,
314 1948 498 2013 altematim
516 1951 624 2011 autem
640 1946 836 2012 Graecarum
851 1948 1138 2032 Romanarumque
1158 1951 1314 2035 imaginun

185 2054 405 2119 hebdomadas
424 2076 494 2117 sese
514 2055 677 2137 excepisse
695 2055 764 2138 ipse
782 2056 877 2119 nobis
897 2055 1034 2120 credidit
1048 2054 1246 2121 Mereklinus
1262 2057 1314 2140 pa.

189 2161 228 2222 13
244 2160 332 2240 [535.
356 2160 448 2240 540]:
473 2164 517 2241 ut,
542 2158 673 2225 Graecis
698 2163 765 2225 sive
788 2162 895 2244 poetis
919 2162 987 2225 sive
1011 2162 1118 2244 poetis
1143 2168 1177 2226 et
1200 2164 1315 2246 scripto

186 2265 275 2329 ribus
304 2267 332 2330 si
361 2265 535 2329 secundum
564 2267 682 2330 librum
706 2266 812 2331 Varro
841 2267 1020 2349 tribuebat,
1051 2288 1118 2331 non
1141 2269 1246 2352 possit
1265 2289 1316 2332 nou

186 2370 311 2435 Latinis
338 2372 518 2436 destinatus
546 2373 647 2436 fuisse
675 2373 801 2436 tertius.
842 2371 932 2457 Ergo
960 2373 1025 2437 nisi
1054 2373 1133 2457 quid
1161 2396 1221 2441 nos
1247 2373 1319 2457 fugit

187 2478 238 2561 (ut
266 2478 351 2561 fugit
380 2500 457 2541 sane
485 2479 564 2543 olim
593 2480 626 2542 in
651 2477 919 2560 interpretatione
942 2477 1071 2562 Plinii),
1099 2501 1214 2545 omnes
1239 2502 1318 2564 prae·

186 2585 294 2648 elusae
317 2584 389 2649 viae
413 2590 488 2648 sunt
511 2586 667 2649 aliorsum
698 2583 909 2667 detorquendi
938 2585 1121 2649 testimonii
1144 2585 1322 2669 Ausoniam,

185 2691 249 2754 nisi
279 2696 315 2754 ut
346 2715 405 2775 pro
439 2691 542 2755 libro
575 2692 698 2754 decimo
733 2690 909 2754 ‘decimum
938 2689 1134 2754 volumen’
1166 2691 1321 2756 habeatur.

186 2795 270 2860 Nam
296 2799 380 2880 quod
403 2798 583 2880 potuisse
607 2798 752 2882 singulas
777 2797 996 2861 hebdomadas
1017 2796 1148 2880 singula
1167 2799 1323 2863 volumina

185 2925 323 2987 aequare
352 2904 546 2969 Mereklinus
579 2904 671 2985 dicit,
704 2903 737 2966 id
766 2904 894 2966 etiamsi
926 2924 983 2984 per
1011 2924 1059 2965 sc·
1074 2903 1185 2969 nullas
1214 2905 1323 2970 babeat

138 3026 172 3064 vl
186 3011 420 3092 dubitationes,
453 3013 562 3074 tamen
592 3032 651 3072 sua
680 3013 795 3091 sponte
823 3006 1025 3091 intellegitur
1052 3030 1119 3073 non
1151 3032 1189 3075 eo
1219 3012 1324 3092 valere,

185 3120 221 3178 ut
250 3117 398 3180 excludat
426 3117 562 3180 alteram
595 3117 768 3199 rationem,
801 3137 864 3198 qua
897 3115 1081 3199 quindecim
1113 3118 1324 3183 voluminibus

186 3222 366 3305 quindecim
394 3223 469 3287 libri
497 3222 693 3287 Varroniani
721 3222 884 3304 dispertiti
913 3221 1012 3285 luisse
1041 3223 1218 3289 credantur
1245 3224 1324 3290 haud

184 3328 294 3410 paullo
319 3335 355 3393 ut
378 3330 548 3413 opinamur
572 3333 604 3391 et
628 3328 807 3411 simplicius
831 3332 864 3390 et
892 3327 1104 3410 probabilius.
1146 3327 1184 3393 In
1213 3352 1275 3414 qua
1296 3350 1326 3393 re

183 3457 223 3499 ne
251 3437 329 3500 illud
363 3437 490 3520 quidem
528 3434 851 3519 praetermittendum
885 3432 983 3516 quod,
1020 3433 1075 3515 qui
1103 3433 1143 3498 de
1171 3439 1223 3499 tot
1254 3440 1327 3520 quot

184 3541 400 3605 hebdomades
433 3543 563 3605 fuerunt
591 3539 810 3604 voluminibus
840 3538 978 3622 cogitat,
1012 3539 1064 3601 vix
1097 3542 1222 3623 poterit
1253 3543 1325 3627 quin

185 3648 282 3710 etiam
316 3647 482 3730 prooemio
516 3645 642 3711 duabus
675 3647 751 3710 libri
779 3645 875 3727 primi
906 3644 1119 3708 hebdomadis
1153 3649 1326 3729 praemisso

184 3774 277 3815 suum
306 3753 457 3815 volumen
486 3752 664 3837 singulare,
693 3774 755 3836 quo
783 3773 823 3813 ne
852 3749 1064 3813 concinnitati
1095 3773 1230 3833 prorsus
1253 3754 1326 3818 iulu-

185 3857 292 3938 (latur,
324 3858 461 3922 tribuat:
499 3881 561 3941 quo
596 3860 633 3921 fit
664 3862 701 3920 ut
733 3856 892 3921 decimum
925 3855 1077 3919 volumen
1113 3856 1220 3939 ipsius
1256 3857 1324 3922 libri

184 3963 313 4026 secundi
338 3965 514 4029 hebdomas
539 3969 696 4047 extrema,
719 3986 783 4027 non
807 3963 914 4045 prima
936 3962 1042 4045 tertii,
1066 3971 1212 4048 occupet

272 4066 361 4153 Ergo
386 4070 426 4133 ad
454 4070 632 4154 imaginum
656 4070 801 4134 ordinem
825 4068 1065 4132 Varronianum
1095 4070 1323 4153 quadamtenus

183 4173 307 4237 finitius
335 4175 581 4240 describendum
611 4175 638 4239 si
667 4176 762 4240 modo
793 4175 876 4239 allus
906 4173 1012 4238 aditus
1042 4180 1149 4259 patet,
1177 4176 1253 4242 hinc
1278 4179 1322 4241 est

182 4279 451 4362 proficiscendum
470 4283 553 4346 eitra
571 4283 834 4363 controversiam,
857 4285 894 4344 ut
916 4281 950 4343 in
974 4280 1058 4344 libro
1082 4282 1207 4347 decimo
1226 4280 1319 4347 arehi-

183 4389 343 4450 tectorum
376 4386 554 4453 hebdomas
584 4386 781 4452 Graecorum
814 4386 1014 4469 conlocetur,
1047 4385 1317 4453 Romanorumin
