2932 5026
193 323 259 387 414
575 329 578 334 “
617 342 664 387 uu
688 343 721 388 u.
746 341 921 389 vnuaouis

194 479 256 557 Qui
281 504 371 548 error
394 479 557 568 (geminus
577 482 632 547 ille
652 484 721 547 eius
740 505 804 568 quo
820 481 956 549 Catonia
974 482 1015 546 de
1034 481 1148 546 liberis
1169 454 1341 547 educandis

194 588 278 652 liber
310 588 430 674 prodiit
462 590 549 673 apud
578 587 795 676 Macrobium)
828 589 869 654 ad
898 588 996 654 Gellii
1029 609 1157 672 quoque
1190 589 1341 654 librarios

140 727 142 732 ,
194 693 266 779 (IV,
292 694 346 781 19)
374 695 549 779 pertinuit,
578 719 642 780 quo
670 718 735 761 uuo
764 697 835 761 loco
863 697 961 788 etiam
988 696 1093 761 bonos
1116 696 1245 761 codices
1268 695 1341 762 Coto

193 802 413 867 nominativus
437 804 672 888 occupavit—
632 802 815 869 —Curio
840 783 948 869 autem
962 802 1189 869 Varronianus
1213 808 1272 869 aut
1294 808 1342 871 cst

194 905 229 971 C.
253 905 440 974 Scribonius
469 913 563 993 pater
591 932 654 975 cos.
679 911 752 992 677,
785 916 932 976 mortuus
956 933 985 976 a.
1009 911 1087 995 700,
1120 908 1240 976 autC.
1263 909 1340 975 Scri·

192 1014 309 1080 bonius
340 1017 426 1081 filius
456 1017 607 1082 tribunus
637 1040 665 1083 a.
690 1019 768 1102 704,
801 1040 820 1082 a
848 1017 930 1083 Iuba
960 1040 1036 1103 rege
1063 962 1272 1084 ibterfectus:
1303 1017 1340 1082 de

194 1145 330 1207 quorum
354 1123 450 1187 rebus
474 1127 559 1189 reete
583 1124 786 1210 distinguens
811 1123 988 1190 scholiasta
1007 1125 1181 1190 Bobiensia
1200 1123 1285 1189 dixit
1301 1123 1339 1188 ad

193 1233 276 1293 orat.
303 1230 337 1293 in
367 1228 457 1296 Clod.
490 1225 610 1315 p.‘330
633 1230 687 1298 Or.
732 1231 784 1296 Ad
815 1235 943 1317 patrem
975 1236 1012 1297 ut
1043 1231 1270 1316 logistoricum
1302 1232 1339 1296 de

194 1338 282 1402 cultu
306 1338 438 1402 deorum
461 1338 625 1404 lubentius
648 1339 835 1423 referamus,
858 1341 963 1404 virum
982 1340 1105 1404 bonum
1123 1343 1158 1403 ct
1177 1343 1338 1404 oratorem

193 1446 250 1509 sed
272 1467 387 1529 parum
412 1468 432 1509 a
454 1445 599 1536 doctrina
622 1447 826 1530 instructum,
849 1469 921 1511 cum
945 1447 1086 1511 alienos
1106 1451 1248 1528 movent,
1270 1449 1337 1510 tum

192 1552 274 1616 illud
302 1554 387 1638 quod
416 1553 602 1637 pontificem
631 1553 808 1617 maximum
835 1553 936 1618 fuisse
965 1553 1173 1638 cognoscitur
1197 1574 1237 1617 ex
1259 1557 1338 1617 orat

193 1659 232 1723 de
256 1660 386 1743 harusp.
409 1681 492 1743 resp.
516 1682 542 1725 c.
566 1661 595 1726 6.
627 1697 668 1706 -
701 1658 751 1724 De
782 1659 981 1725 Tuberone
1014 1661 1238 1726 controversia
1269 1680 1337 1724 esee

194 1767 316 1851 nequit,
339 1765 416 1850 quin
438 1765 466 1830 is
490 1765 534 1830 sit
556 1765 592 1830 L.
616 1766 730 1830 Aelius
754 1765 896 1851 Tubero,
925 1788 1020 1851 quem
1043 1767 1194 1831 novimus
1218 1766 1261 1830 n
1286 1763 1338 1830 Ci-

193 1874 318 1938 ceronis
342 1879 375 1937 et
398 1872 652 1957 condiscipulum
682 1878 714 1938 et
738 1874 1002 1938 contubernalem
1026 1878 1059 1939 et
1083 1873 1215 1938 affinem
1239 1877 1273 1938 et
1295 1874 1338 1938 la·

193 1980 363 2063 miliarem,
387 1979 421 2055 Q.
438 1977 603 2045 Ciceronis
627 1981 661 2043 in
676 1978 760 2045 Asia'
780 2003 806 2046 a
822 1981 887 2046 693
910 1981 1070 2067 legatum:
1093 1981 1249 2046 bominem
1270 2002 1338 2046 aem

191 2087 313 2168 iepcnio
337 2091 403 2149 tom
424 2087 565 2150 doctrino
587 2087 783 2170 occultantem,
807 2091 843 2152 ut
866 2092 917 2152 est
939 2109 998 2171 pro
1021 2087 1155 2173 Ligario
1179 2110 1206 2153 e.
1220 2089 1256 2173 4,
1285 2088 1336 2152 cui

193 2193 290 2257 etiam
315 2192 546 2257 Aenesidemus
576 2192 694 2270 λόγου(
717 2192 927 2272 Πυρρωνίου(
955 2215 1030 2258 suos
1058 2193 1230 2277 inscripsit
1252 2198 1334 2259 teste

193 2297 310 2364 Photio
334 2299 419 2364 Bibl.
443 2299 511 2363 cod.
535 2300 609 2363 212.
632 2337 672 2345 -
699 2299 870 2364 Atticum
893 2300 1115 2383 unusquisque
1138 2322 1197 2365 sua
1222 2306 1347 2385 sponte.

191 2407 354 2491 intellegit
376 2428 580 2471 communem
608 2428 677 2471 esse
701 2406 858 2471 Varronis
881 2403 1111 2490 Ciceronisque
1139 2408 1280 2472 amicum
1301 2406 1335 2470 Τ.

192 2512 420 2597 Pomponium,
452 2512 492 2577 ad
525 2535 620 2597 quem
653 2514 752 2577 etiarn
783 2515 819 2577 de
845 2515 911 2577 vito
932 2513 1043 2598 populi
1064 2513 1205 2578 Romni
1235 2513 1333 2578 libros

192 2621 332 2704 scriptos
356 2644 426 2685 esse
450 2624 587 2686 constet.
605 2660 644 2667 —
667 2621 809 2704 illusum
832 2626 866 2684 et
886 2621 987 2685 Attici
1011 2624 1045 2685 et
1067 2618 1235 2685 Ciceronis
1259 2621 1332 2684 ami·

192 2750 263 2792 cum
297 2726 481 2793 Cornelium
511 2728 673 2812 Nepotem
706 2728 897 2792 historicum
931 2733 983 2791 sat
1015 2726 1215 2792 confidenter
1246 2728 1332 2792 illurn

191 2834 379 2917 Nepotem
409 2835 675 2919 interpretamur,
702 2837 754 2899 cui
777 2835 950 2917 inscriptus
975 2834 1075 2918 logist
1076 2834 1184 2899 oricus
1209 2835 1331 2919 ignora·

192 2963 262 3004 mus
286 2941 371 3024 quod
400 2946 625 3026 argumentum
649 2943 806 3007 tractarit.
840 2941 1065 3004 -Eiusdem
1095 2943 1225 3025 generis
1254 2963 1332 3026 quac

190 3050 315 3110 restant
338 3047 483 3128 nomina,
516 3070 626 3112 eorum
651 3045 820 3112 Calenus
846 3071 971 3133 quoque
994 3048 1066 3132 ipsa
1090 3049 1178 3113 vitae
1202 3070 1332 3113 consue

190 3154 298 3216 tudine
318 3153 561 3238 officiorumque
580 3156 815 3239 coniunctione,
839 3157 900 3219 nisi
894 3155 1075 3239 fallimur,
1098 3177 1171 3219 cum
1187 3154 1333 3220 Varrone

189 3261 426 3327 continebatur.
470 3261 570 3338 Quem
593 3261 690 3327 facile
714 3264 873 3347 quispiam
898 3263 1037 3327 coniciet
1061 3261 1097 3338 Q.
1121 3260 1251 3327 Fufium
1275 3260 1333 3327 Ca·

190 3369 298 3433 lenum
322 3391 402 3454 esse,
425 3369 591 3435 tribunum
616 3393 643 3434 c.
659 3370 733 3455 692,
756 3371 846 3434 cuius
870 3368 1018 3453 frequens
1042 3369 1126 3452 apud
1142 3367 1333 3436 Ciceronem

190 3478 324 3542 mentio:
347 3481 519 3562 propterea
543 3478 670 3561 quidem
695 3477 780 3561 quod
803 3479 846 3540 ud
868 3477 998 3558 Fufium
1020 3477 1152 3556 epistula
1176 3475 1333 3542 Varronis

135 3588 350 3647 xnmemorat
352 3607 388 3647 ur
419 3584 528 3648 Nonio
562 3607 591 3666 p.
622 3585 683 3648 117
695 3583 736 3668 *.)
763 3585 834 3648 144.
857 3583 931 3648 425.
988 3581 1050 3646 Sed
1083 3585 1195 3647 tamen
1229 3583 1332 3668 magis

188 3689 319 3751 etiam
310 3712 343 3751 m
367 3694 517 3771 promptu
542 3694 591 3751 est
613 3689 650 3751 de
676 3688 709 3754 C.
734 3689 891 3755 Suberuio
916 3688 1036 3754 Caleno
1059 3689 1216 3773 cogitare,
1240 3712 1332 3774 quem

190 3817 251 3858 una
275 3818 347 3859 cum
371 3794 530 3880 Varrone,
558 3796 771 3881 Pompeianas
795 3802 903 3881 partes
927 3797 1088 3878 secuto,
1079 3818 1112 3859 ιιι
1136 3794 1332 3880 Hispaniam

188 3899 229 3983 (a.
255 3900 334 3986 704)
358 3902 537 3985 profectum
561 3926 631 3968 esse
655 3901 768 3970 Cicero
792 3906 908 3971 scribit
932 3906 971 3969 ad
995 3903 1096 3969 famil.
1120 3901 1177 3987 IX,
1195 3903 1245 3967 13.
1283 3901 1331 3967 Ad

275 4092 300 4159 *l
324 4093 562 4150 Commemoratus
585 4096 626 4151 ibi
646 4098 795 4168 Quintipor
815 4100 968 4154 Clodianae
985 4097 1076 4151 malus
1093 4099 1194 4166 poeta,
1221 4097 1258 4153 de
1276 4114 1331 4168 quo

187 4181 292 4236 dictum
307 4182 447 4252 Parergon
462 4184 546 4252 prael.
563 4203 589 4254 p.
600 4187 660 4253 llll,
679 4187 728 4255 qui
743 4187 867 4256 potuerit
881 4190 945 4257 post
959 4188 1094 4256 Popmam
1110 4185 1216 4240 Orellio
1232 4185 1329 4241 Ouom.

186 4269 259 4325 Tull.
279 4271 302 4323 ll
327 4289 353 4339 p.
374 4279 425 4325 504
448 4276 477 4325 et
499 4274 611 4342 Meyero
634 4275 662 4328 in
686 4275 741 4331 Cic.
766 4277 842 4331 Brut.
867 4296 893 4346 p.
916 4283 965 4331 193
995 4274 1084 4330 videri
1112 4274 1161 4330 Cn.
1188 4274 1332 4332 Cornelius

186 4360 320 4415 Lentulus
340 4359 488 4414 Clodianus
508 4379 574 4431 ease,
593 4381 647 4417 nou
659 4365 835 4441 ¹enpedimus.
865 4366 919 4420 Sed
935 4364 1081 4434 aequalem
1093 4363 1227 4419 Varronis
1246 4365 1331 4419 luisse

186 4450 245 4505 veri
263 4466 329 4504 sane
348 4452 392 4503 est
408 4449 506 4503 simile.
