2932 5026
341 346 396 411 W
719 334 767 385 prr:
788 305 1022 375 consolatoria

356 498 470 567 lbrbttit.
491 492 521 549 el
542 476 691 545 nillribora
713 486 750 529 ee
772 449 960 525 commodius
983 445 1102 532 potuit,
1124 444 1212 529 quod
1235 444 1360 528 publici
1385 466 1439 562 eo-

330 530 386 667 *lm
407 588 542 677 'pm-„w
563 574 660 639 mne
706 566 892 645 Quanquam
915 554 1072 640 quosdam
1096 551 1274 616 accessisse
1296 550 1441 636 Langia·

324 632 416 771 anm,
437 700 563 753 „umore
584 696 648 739 nen
667 667 915 751 comprehensos
934 661 1030 728 facile
1050 683 1087 724 ex
1107 660 1148 723 iis
1167 658 1439 724 annotationibus

310 732 490 891 ,Llfflpioitun
512 781 627 865 quibus
649 776 740 841 velut
761 772 874 855 Regios
897 774 930 835 et
952 768 1153 834 Academicos
1176 769 1379 833 antestatur:
1404 770 1440 829 ut

305 914 451 973 periremus
464 886 649 955 Meadsanes
670 880 819 963 aliosque
842 878 913 961 ipse
932 875 1064 941 nemine
1088 874 1245 939 diversos.
1278 873 1437 937 Attamen

298 1012 374 1073 lirina
396 1000 512 1074 locum,
539 988 596 1073 qui
618 989 669 1050 est
691 981 732 1049 de
755 983 958 1050 Bentleianis
981 981 1091 1061 libris,
1119 1003 1180 1065 par
1204 983 1254 1045 est
1276 980 1436 1044 intactum

294 1110 340 1177 hie
366 1095 514 1180 relinqui,
546 1113 620 1157 cum
648 1089 713 1155 hoe
740 1089 849 1174 ipsum
877 1088 972 1173 quale
1001 1089 1044 1152 sit
1067 1109 1220 1172 quaerere
1244 1109 1264 1151 a
1286 1086 1436 1152 Philoso—

288 1212 419 1297 phorum
446 1198 568 1266 Ordine
597 1216 705 1279 nuper
735 1196 815 1260 iussi
847 1196 928 1260 sitis.
981 1194 1099 1259 Restat
1129 1200 1313 1259 exterorum
1345 1217 1436 1277 unus,

287 1305 527 1380 Westerhevius
551 1300 656 1388 (Hag.
676 1298 768 1368 Com.
794 1300 896 1388 1726)
921 1301 1068 1367 codicum
1093 1323 1112 1364 a
1137 1304 1241 1364 semet
1263 1306 1433 1384 usurpato·

283 1439 348 1485 rum
370 1414 469 1494 longe
483 1408 636 1473 Beni-leia
656 1408 850 1493 diligentior
872 1408 977 1473 testis.
1009 1406 1096 1472 Vsus
1119 1412 1169 1472 est
1192 1409 1280 1471 enim
1303 1408 1433 1491 seriptis

281 1517 428 1601 exemplis
452 1513 615 1579 tredecim
638 1515 707 1580 his:
733 1515 874 1600 quinque
892 1515 1096 1591 Leidencihna
1121 1535 1257 1597 querum
1282 1517 1431 1598 quartum

279 1625 338 1693 XV
359 1622 490 1687 saeculo
523 1621 661 1706 tribuit,
694 1622 844 1708 quintum
868 1623 1038 1708 antiquum
1062 1625 1170 1704 vocat3
1203 1620 1330 1686 duobus
1353 1621 1431 1686 Iusti

276 1730 383 1813 Lr'pnsii,
396 1750 541 1811 quorum
557 1728 646 1795 alter
665 1731 745 1795 item
764 1731 920 1817 migravit
934 1732 967 1795 in
983 1730 1174 1795 Leidensem
1189 1728 1432 1809 bibliothecam3

275 1836 449 1902 Traiectine
473 1835 668 1901 academico
692 1837 794 1902 chart.
818 1858 899 1902 saec.
922 1834 993 1920 XV,
1018 1834 1186 1900 Oneniensi
1209 1834 1432 1899 academicae

275 1940 365 2007 libris
388 1939 523 2017 Bodlei,
547 1942 727 2008 Martiano
749 1942 828 2007 Xlll
853 1942 983 2026 saeculi,
1006 1941 1141 2025 denique
1161 1940 1349 2024 Graeciano,
1371 1941 1432 2005 lti-

272 2049 364 2127 tiane,
387 2044 727 2114 Becndonnalerrano
750 2050 900 2115 membrr.
941 2040 1031 2113 Inter
1053 2050 1216 2112 nostrates
1240 2052 1350 2112 autem
1373 2048 1431 2111 hoe

272 2150 401 2237 quidem
426 2155 567 2221 saeculo
591 2156 721 2223 cedices
744 2157 870 2240 primus
890 2155 1119 2238 circumspexit
1133 2153 1282 2238 Bethius,
1306 2155 1432 2241 utrique

274 2256 410 2321 alitioni
425 2256 556 2343 (lierol.
575 2264 662 2329 1806
682 2267 715 2327 et
728 2262 826 2328 Halb.
839 2260 937 2349 1822)
957 2262 1111 2327 adhibitis
1130 2262 1236 2326 tribus
1251 2262 1431 2327 Berelinen·

268 2364 367 2433 aare.
390 2366 571 2453 tribusque
586 2370 847 2453 (lrccltirhgdanie,
870 2391 1007 2454 quorum
1031 2390 1113 2434 unus
1138 2369 1200 2433 fuit
1223 2369 1301 2434 olim
1326 2369 1432 2433 Helm-

266 2470 435 2537 catenes
464 2482 498 2538 et
530 2476 691 2560 peculiari
721 2476 812 2542 Faeii
840 2498 940 2561 opera
967 2477 1105 2542 collatus
1133 2497 1205 2540 esse
1234 2477 1268 2540 iu
1292 2474 1431 2541 Harlesii

267 2575 446 2659 ilpusculis
472 2580 596 2648 fertur:
629 2583 748 2668 quibus
777 2584 872 2649 libris
896 2585 931 2648 in
955 2584 1166 2649 annotatione
1190 2582 1303 2647 critica
1327 2587 1432 2666 poste·

268 2683 365 2747 rieiris
394 2686 555 2755 alitionis
585 2692 724 2756 occessit
753 2692 893 2755 emissus
922 2691 956 2755 in
979 2690 1180 2774 praefatione
1204 2690 1432 2773 Frdnerycnsis.

272 2788 423 2857 liele-roi<
446 2800 560 2862 etitem
586 2798 708 2863 codicis
731 2798 826 2862 fidem
851 2800 981 2862 constat
999 2796 1130 2862 Bruusii
1150 2797 1330 2862 editionem
1346 2796 1433 2883 (Hal.

272 2896 372 2963 lSlll
408 2900 663 2987 aligiosiniue
696 2904 829 2969 imitari.
880 2904 959 2969 Tres
993 2904 1250 2986 Guelferbytanae
1282 2902 1432 2991 (quartus

266 3004 355 3067 entim
375 3006 507 3074 scltolia
522 3016 655 3075 tantum
674 3010 834 3094 quaedam
854 3011 905 3075 vel
924 3011 1051 3096 glossas
1071 3010 1314 3097 complectitur)
1333 3012 1432 3076 habes

269 3110 303 3173 iu
330 3110 453 3179 l'erleti
478 3116 624 3183 alitione
648 3116 753 3201 (Lips.
775 3116 875 3202 1821)
899 3120 1076 3201 excerptas,
1100 3118 1156 3201 qui
1178 3122 1351 3201 praeterea
1373 3118 1433 3184 Ge

267 3214 381 3281 tierneo
404 3218 489 3285 ditos
513 3222 666 3307 irrepserit,
689 3227 723 3287 et
740 3244 780 3287 cx
792 3223 918 3287 Incensi
936 3223 1095 3308 quaedam
1116 3225 1230 3289 attulit
1250 3226 1433 3290 accuratius

270 3322 312 3385 ab
347 3322 372 3389 l.
396 3324 437 3391 a.
461 3326 621 3395 bluellero
653 3330 687 3395 in
715 3328 861 3395 ll'alchii
890 3329 962 3396 Aet
992 3352 1055 3396 soc.
1085 3330 1151 3395 len.
1184 3331 1205 3395 l.
1239 3354 1265 3397 c.
1298 3333 1431 3399 collato.

271 3426 421 3515 l'tnapue
434 3432 591 3501 tiethauo
610 3444 642 3501 ct
659 3436 916 3501 Helmstadiensi
940 3437 1039 3502 etiam
1058 3436 1270 3523 Boettigerus
1293 3462 1375 3505 usus
1399 3440 1432 3504 in

270 3536 362 3619 Sps.
379 3562 453 3605 ιιον,
468 3542 516 3605 el.
531 3542 602 3607 'l'en
638 3542 784 3629 lienique
807 3544 1004 3607 nostratium
1027 3543 1128 3608 trium
1143 3544 1432 3629 Rebdiperanernnr

271 3646 453 3725 ‹pe-iuriae
479 3646 653 3731 linigerae
677 3647 825 3712 exhibuit
849 3650 883 3713 in
898 3649 1038 3715 Seebodi
1053 3649 1180 3714 Horrea
1204 3652 1285 3736 phil.
1300 3676 1329 3717 a
1347 3654 1432 3718 1821

272 3770 300 3831 p.
326 3752 392 3815 sto
408 3776 477 3839 alep.
500 3775 664 3839 tritumque
688 3752 911 3835 Grppbicnsem
935 3755 1139 3824 Reinheldus
1161 3757 1280 3823 Adnot.
1304 3760 1375 3825 crit
1399 3760 1432 3822 in

272 3852 343 3919 'l'eu
365 3856 522 3943 ,l'riutisl
547 3858 645 3929 lotan
664 3858 789 3925 habuit.
831 3858 989 3929 Consulto
1009 3870 1122 3930 autem
1140 3865 1432 3949 praetermisimus,

273 3964 300 4029 ri
323 3966 380 4049 spui
405 3967 504 4032 setttel
525 3968 615 4031 luere
633 3974 931 4034 commemorantur
950 3994 971 4036 a
989 3973 1115 4039 criticis
1136 3974 1225 4038 aliud
1246 3974 1432 4057 agentibus,

274 4088 306 4136 ut
338 4074 371 4136 in
396 4072 498 4139 Xenis
523 4074 622 4139 laert
645 4074 772 4139 (lintcri
799 4075 913 4159 codex,
945 4078 980 4142 in
1010 4080 1141 4156 Quaest
1164 4079 1274 4144 Plaut.
1303 4079 1431 4145 codices

274 4178 433 4249 retenens„
456 4180 512 4245 ulii
536 4180 625 4245 olibi.
670 4180 879 4265 Singulorum
903 4188 1024 4269 autern
1048 4208 1132 4271 quos
1157 4187 1430 4267 enumeravimus,

275 4288 458 4355 accuratior
479 4286 653 4371 descriptio
676 4310 714 4353 er
735 4286 895 4353 editorum
915 4288 983 4355 sive
1003 4293 1265 4375 praefationibus
1285 4293 1355 4357 sive
1375 4315 1429 4357 an-

276 4395 501 4463 notationibus
525 4402 668 4481 petotur:
699 4395 913 4481 nequeenim
938 4398 989 4461 vcl
1014 4421 1053 4464 ea
1076 4400 1113 4464 in
1136 4423 1171 4465 re
1196 4400 1245 4464 vel
1272 4401 1307 4465 in
1332 4399 1429 4465 cerri·
