2932 5026
373 353 417 399 zu
441 349 703 399 nasammonas
728 348 899 395 ausones.
1143 325 1208 390 835

65 500 163 583 Trag.
186 496 303 582 fragm.
327 496 437 561 coroll.
460 517 489 578 p.
512 493 575 558 XII
595 516 641 577 sq.
673 491 746 557 Nisi
770 491 855 576 quod
878 489 1056 555 Vulcanius
1080 488 1209 572 quidem

64 606 171 671 voluit
188 605 329 670 fortasse
347 603 535 668 adolendis
553 601 725 684 emendari,
743 620 857 683 reapse
875 601 986 662 tamen
1002 596 1082 660 haec
1100 596 1209 680 potius

64 712 197 796 scripsit
224 708 417 777 ‘Notarum'
446 731 476 792 p.
499 709 556 791 36,
580 709 636 772 24:
674 706 874 789 ‘Entoridia
905 708 939 768 et
970 703 1056 768 inira
1086 703 1143 767 liu.
1167 703 1209 768 38

64 820 214 899 Etoridu]
238 817 315 902 Leg.
334 817 512 882 Euloridia
534 837 593 899 pro
612 814 749 898 Interea,
773 818 808 878 ut
826 812 969 877 Posttdia
991 834 1050 896 pro
1069 808 1211 876 Postea':
1225 827 1258 866 1v

64 926 184 991 calami
207 946 315 989 errore
338 926 376 987 ut
403 927 554 1006 putamus
578 927 636 985 aut
659 921 738 984 vitio
766 918 967 1003 typothetae.
1004 919 1041 982 Id
1065 917 1150 1003 quod
1173 939 1211 982 eo

64 1031 269 1116 probabilius
304 1031 354 1114 fit,
387 1029 471 1113 quod
501 1027 696 1093 Vulcanium
728 1026 904 1092 monstrari
936 1028 1045 1110 potest
1074 1047 1146 1089 cum
1178 1025 1213 1088 in

65 1138 252 1203 adnotando
271 1137 450 1201 Philoxeno
473 1139 543 1199 tum
565 1136 600 1200 in
619 1135 750 1200 edendis
774 1134 1047 1217 emendandisque
1071 1129 1213 1198 ‘Isidori'

67 1245 124 1330 qui
147 1245 251 1310 fertur'
274 1245 393 1329 glossis
409 1226 523 1317 ‚totum
552 1232 692 1327 pendere
716 1267 732 1306 e
755 1240 913 1327 Scaligeri
936 1241 1147 1306 auctoritate:
1175 1244 1213 1304 ut

66 1353 156 1417 bunc
185 1332 294 1436 ipsum
324 1350 485 1435 cogitasse
516 1350 554 1413 de
584 1350 773 1413 endoteridia
801 1347 908 1413 forma
937 1348 1005 1413 veri
1033 1348 1139 1413 simile
1163 1347 1215 1411 sit.

67 1458 155 1523 Hinc
178 1457 300 1542 aliquid
324 1457 393 1522 eius
412 1455 459 1519 rei
482 1478 690 1539 permanasse
709 1456 750 1520 ad
770 1454 947 1520 Meursium
965 1455 1102 1537 videtur,
1125 1454 1215 1519 cuius

10 1592 16 1609 ¹
67 1565 150 1629 baec
172 1565 273 1629 verba
293 1567 369 1627 sunt
391 1563 425 1627 in
444 1562 725 1628 Exercitationum
749 1563 818 1627 crit.
837 1566 930 1647 parte
949 1561 964 1625 Ι
989 1558 1094 1647 (edita
1112 1558 1213 1645 Lugd.

64 1672 140 1736 Bat.
170 1694 197 1735 a.
228 1669 327 1755 1599)
362 1691 392 1752 p.
421 1671 477 1753 69,
509 1669 695 1752 spectantia
730 1692 769 1734 ea
801 1669 842 1733 ad
872 1666 1009 1734 Casinas
1046 1667 1216 1732 Plautinae

71 1779 153 1863 prol.
188 1800 217 1841 v.
246 1776 303 1840 33:
344 1773 473 1839 ‘Scribo
504 1778 645 1858 posttlea
679 1797 812 1840 rursum.
861 1772 947 1839 Nam
981 1772 1146 1858 dicebant,
1180 1778 1217 1840 ut

69 1887 185 1951 notum
214 1888 278 1965 est,
306 1881 457 1966 Anticlea,
484 1882 642 1967 Postidea,
670 1883 836 1947 lateridea.
872 1881 918 1945 Et
944 1882 1028 1945 male
1057 1882 1153 1946 bodie
1182 1882 1217 1945 in

71 1990 193 2077 glossis
221 1989 342 2075 legitur
364 1990 547 2073 Entorttio,
575 1993 611 2055 ἐν
638 1997 685 2074 τῷ
709 1990 833 2068 μεταξύ.
872 1988 985 2054 Scribo
1008 1989 1218 2054 Ecdoterideu

68 2119 130 2182 pro
160 2095 336 2161 lateridiu?
389 2096 452 2161 Vbi
483 2101 516 2160 et
545 2100 659 2161 notum
689 2095 722 2159 id
753 2117 823 2160 esse
853 2094 944 2178 dicit,
979 2095 1017 2160 de
1052 2119 1116 2181 quo
1147 2096 1218 2179 ipso

68 2204 256 2289 quaeritur,
298 2209 331 2266 et
366 2203 612 2287 perversissima
647 2202 834 2267 Plautinum
874 2224 1002 2267 versum
1039 2204 1218 2269 mutatione

67 2309 299 2397 pessumdedit
330 2345 368 2356 -
404 2308 553 2374 Ceterum
581 2310 672 2375 nulla
700 2333 770 2376 esse
802 2311 964 2376 dubitatio
994 2314 1102 2395 potest
1130 2311 1217 2394 quin,

70 2441 154 2504 quae
190 2419 225 2481 in
254 2416 449 2481 Kalendario
481 2417 691 2481 Praenestino
727 2421 777 2481 ter
811 2420 920 2481 exstat
949 2415 1010 2480 ΕΝ
1040 2421 1132 2496 nota,
1169 2421 1220 2482 sat

69 2547 167 2609 saepe
191 2547 229 2588 ea
252 2522 350 2586 etiam
378 2523 412 2587 in
431 2523 546 2587 ceteris
571 2523 707 2607 rediens,
728 2545 794 2588 non
817 2523 861 2586 sit
884 2523 980 2587 aliter
1001 2510 1065 2588 nisi
1087 2525 1220 2589 andater·

70 2634 154 2697 data
176 2628 418 2712 interpretanda
442 2651 480 2691 ex
505 2628 606 2711 ipsius
630 2626 737 2692 Verrii
761 2628 870 2693 Flacci
894 2630 1064 2695 sententia.

529 2898 625 2904 ---.
639 2898 671 2903 -
679 2897 739 2906 —v—

110 3129 166 3214 19)
189 3126 497 3210 Mittheilungen
521 3148 586 3189 aus
610 3124 685 3189 und
710 3125 804 3191 uber
827 3126 1184 3214 Handschriften.*)

213 3325 240 3387 l.
269 3323 380 3388 Versus
402 3322 438 3386 de
460 3321 537 3386 XII
559 3323 656 3386 uentis
681 3321 899 3404 Tranquilli
922 3323 1085 3406 l'bpsici.

163 3485 229 3548 Der
248 3484 559 3548 zuvorkommenden
574 3482 658 3545 <tate
678 3483 734 3546 des
753 3480 860 3548 Herrn
882 3484 1058 3548 'l'heodor
1079 3483 1222 3549 Oehler
1236 3505 1276 3544 ιω

73 3614 134 3671 aus
157 3588 333 3654 Frankfurt
357 3612 383 3654 a.
407 3589 464 3671 M„
492 3591 554 3654 den
583 3589 880 3674 bibliographische
904 3589 1038 3656 Studien
1066 3593 1110 3657 im
1140 3575 1221 3657 udr-

72 3699 206 3783 digsten
228 3694 326 3759 Sinna
354 3697 410 3760 des
434 3696 566 3761 Wortes
590 3695 650 3760 aul
669 3696 888 3782 auswtirtigen
911 3696 1141 3764 Bibliotheken
1168 3699 1222 3764 be-

74 3789 273 3886 scbtfftigen,
297 3802 481 3866 verdanken
505 3802 565 3867 wir
588 3803 660 3867 eine
679 3803 781 3868 Iteihe
803 3827 867 3869 uon
886 3804 1140 3890 Mittheilungen
1164 3829 1222 3870 aus

73 3908 293 3974 lateinischen
328 3905 598 3992 Handsohriften,
639 3932 754 3976 wovon
793 3912 864 3993 wir,
906 3934 974 3976 was
1015 3912 1049 3975 in
1086 3911 1223 3976 nbherer

74 4014 263 4098 Beziehung
285 4036 342 4076 zur
364 4013 561 4080 classiscben
586 4016 764 4082 [litterator
787 4018 889 4102 steht,
912 4039 990 4103 gem
1013 4041 1053 4082 zu
1077 4018 1224 4082 weiterer

75 4121 256 4187 Kenntniss
279 4121 444 4203 bringam·
464 4111 529 4186 Ein
552 4123 722 4188 Briisseler
745 4124 852 4189 Codex
875 4124 931 4189 des
955 4125 1105 4190 zwbllten
1128 4125 1274 4189 Jahn-1³1

44 4306 57 4320 ·
75 4227 243 4310 hunderts,
265 4249 296 4291 n.
313 4228 430 4312 10721,
455 4228 582 4294 enth'alt
605 4234 699 4294 unter
722 4229 835 4314 obiger
856 4230 1047 4315 Aufschrift‚
1070 4233 1150 4297 tiber
1172 4231 1224 4296 die

77 4380 265 4389 --—--.-.-—--
283 4380 291 4386 .

168 4455 195 4524 *)
214 4453 326 4526 [ausin.
346 4454 473 4511 Muscam
491 4456 509 4513 f.
531 4457 631 4511 Philol.
651 4457 686 4512 N.
706 4457 736 4513 F.
757 4459 805 4514 Bu.
826 4460 837 4511 l
856 4462 947 4528 (1841)
967 4479 992 4529 p.
1016 4460 1177 4530 130--140.]

957 4548 1012 4602 bb*
