2932 5026
256 287 321 350 202
406 262 408 264 ’
617 300 831 349 FRAGMENTA
854 298 1041 347 norvenos.

255 468 287 530 p.
305 447 358 530 31,
381 446 415 511 2:
440 443 588 530 ‘bacan
610 466 669 510 uas
693 444 855 510 uinarium
878 442 985 510 simile
1007 442 1166 509 bacrioni'
1189 440 1305 531 (quam
1323 443 1409 512 haee

254 553 431 637 praecedit:
442 552 641 618 ‘bacrionem
654 551 804 617 dicebant
817 572 919 637 genus
933 551 1020 617 vasis
1034 551 1193 637 longioris
1203 552 1409 641 manubrii’):

254 660 384 745 quicum
416 660 553 727 aliorum
586 659 821 745 glossariorum
848 680 942 725 voees
970 657 1184 742 ‘baeearium,
1216 682 1274 725 vas
1304 683 1409 746 aqna-

253 766 360 850 rinm’,
383 766 535 852 becario,
558 766 679 833 urceoli
699 764 823 853 genns',
846 766 911 830 iem
931 763 1076 851 Scaliger
1094 767 1288 852 composuit
1326 767 1408 833 lnde

254 875 339 940 enirn
368 875 500 941 ductum
529 874 658 940 fabulae
687 895 802 939 nomen
830 896 924 939 nemo
949 896 1015 940 non
1038 874 1127 940 videt
1149 871 1300 941 debuisse
1326 872 1408 940 ‘Ba-

254 982 391 1049 eararie’
415 1004 494 1067 esse,
516 1004 583 1048 non
605 980 773 1048 ‘Baearia'.

561 1340 650 1406 Vssl.
692 1338 770 1407 BIS
799 1337 1100 1408 COMPRESSA.

344 1503 454 1569 Vnum
483 1502 565 1568 heee
594 1503 705 1568 fabula
733 1506 852 1569 testem
881 1502 982 1569 habel
1005 1502 1040 1568 L.
1063 1501 1214 1586 Accium,
1242 1525 1263 1568 a
1285 1501 1410 1569 Plauto

256 1611 347 1675 illam
367 1609 619 1675 abindioantem:
643 1609 733 1674 euius
752 1610 852 1674 verba
868 1610 963 1694 posui
982 1611 1042 1675 sub
1064 1610 1247 1676 Ausonum
1285 1607 1412 1675 Confer

257 1718 297 1784 de
320 1740 359 1784 ea
380 1717 509 1802 Parerg.
533 1740 563 1801 p.
591 1717 675 1783 13&
689 1717 749 1782 147
774 1716 868 1783 dieta

667 2072 723 2139 IX.
766 2072 993 2141 ΒΟΕΟΤΙΑ.

823 2233 844 2287 1.

346 2359 399 2424 Ad
422 2361 507 2427 hano
531 2359 677 2427 fabulam
700 2360 842 2427 Gelliani
865 2360 980 2446 cepitis
1003 2359 1069 2444 111,
1096 2360 1116 2425 3
1139 2358 1336 2444 principium
1359 2359 1409 2424 in·

258 2471 386 2554 tegrum
410 2471 549 2553 spectat,
573 2468 658 2555 qnod
681 2471 732 2533 est
755 2468 820 2532 bale
844 2468 1019 2533 seeundum
1042 2490 1128 2551 eam,
1150 2489 1248 2552 qnam
1271 2465 1407 2551 Parerg.

258 2598 289 2660 p.
312 2577 352 2643 81
370 2598 438 2660 sqq.
462 2574 694 2659 commendavi,
717 2575 925 2659 scripluram:

347 2699 484 2765 ‘Verum
513 2722 582 2766 esse
610 2700 805 2784 comperior,
832 2700 917 2784 quod
945 2699 1102 2785 quosdam
1130 2700 1211 2765 bene
1239 2698 1409 2764 litteratos

257 2808 407 2874 homines
419 2807 529 2872 dicere
548 2806 669 2891 audiui,
687 2807 743 2892 qui
761 2807 931 2892 plerasque
949 2807 1058 2872 Plauti
1076 2806 1260 2873 comoedias
1279 2807 1411 2872 curiose

258 2919 355 3000 atque
387 2917 538 2980 contente
566 2914 759 2999 lectitarinl,
789 2936 855 2979 non
882 2913 1043 2979 indicibus
1071 2914 1157 2979 Aelii
1185 2935 1244 2979 neo
1267 2911 1411 2999 Sedigiti

258 3045 317 3088 nec
336 3020 463 3088 Claudii
481 3041 540 3086 nee
558 3020 684 3086 Aurelii
702 3042 761 3085 neo
775 3019 867 3085 Accii
880 3042 939 3086 nee
952 3019 1080 3086 Manilii
1093 3043 1191 3106 snper
1208 3021 1262 3086 bis
1275 3021 1410 3105 fabulis,

262 3149 344 3214 quae
363 3127 514 3193 dieantur
532 3128 714 3213 ambiguae,
737 3128 941 3213 crediturum,
960 3129 1016 3194 sed
1034 3128 1098 3213 ipsi
1110 3127 1227 3194 Plauto
1247 3129 1410 3195 moribus·

260 3257 322 3321 qne
339 3234 468 3321 ingenii
492 3238 590 3321 atque
612 3235 742 3321 lingaree
768 3236 845 3301 eius.
875 3236 937 3302 bea
959 3237 1045 3301 enim
1064 3236 1176 3302 iudicii
1194 3258 1314 3302 norma
1327 3232 1412 3302 Var-

259 3364 370 3409 ronem
403 3364 533 3428 quoque
563 3364 657 3409 usum
684 3342 840 3408 videmus.
880 3365 959 3408 nam
986 3347 1114 3427 praeter
1142 3344 1217 3409 illas
1245 3366 1345 3408 unam
1375 3347 1411 3410 eb

260 3450 393 3537 uiginti,
415 3471 498 3535 quae
520 3448 777 3516 ‹Varronianae>
800 3454 971 3515 uooanlur:
999 3472 1080 3535 quas
1103 3450 1222 3516 ideireo
1247 3473 1267 3516 a
1290 3451 1410 3517 celeris

260 3557 459 3645 segregauit,
488 3556 641 3642 quoniam
670 3557 824 3622 dubiosae
851 3560 1048 3642 nouerant,
1078 3556 1132 3622 sed
1156 3579 1316 3624 consensu
1340 3581 1410 3624 om·

259 3665 350 3730 nium
374 3664 483 3730 Plauti
512 3685 582 3729 esse
610 3665 838 3730 censebantur:
867 3665 1023 3750 quasdam
1045 3664 1124 3730 item
1148 3665 1229 3731 alias
1252 3666 1409 3750 probauit

261 3772 416 3837 adductus
440 3771 495 3837 filo
519 3775 616 3856 alque
639 3770 757 3836 facetia
780 3773 939 3837 sermonis
957 3772 1076 3838 Plauto
1096 3773 1315 3858 congruentis,
1337 3794 1409 3839 ena·

260 3901 322 3965 que
344 3879 412 3945 iam
434 3878 621 3944 nominibus
644 3877 783 3943 aliorum
806 3884 980 3963 occupabas
994 3878 1111 3944 Plauto
1130 3877 1324 3944 uindicauib:
1347 3879 1408 3945 sie

260 3987 308 4052 uti
331 3987 439 4068 islam,
462 4009 559 4073 qnam
581 3985 766 4070 nuperrime
789 3985 986 4070 legebamus,
1009 3984 1060 4051 oui
1079 3989 1130 4050 esi
1146 4006 1266 4051 nomen
1285 3985 1410 4052 Boeo·

260 4094 325 4160 tia.
361 4115 534 4159 namnum
557 4094 590 4157 in
613 4092 679 4157 illis
703 4114 767 4156 una
790 4096 823 4157 et
845 4092 964 4179 uiginti
986 4115 1051 4158 non
1074 4092 1119 4158 sit
1142 4096 1175 4157 et
1193 4115 1264 4158 esse
1282 4091 1408 4178 Aquilii

260 4201 397 4285 dicatur,
418 4200 501 4265 nihil
524 4203 634 4265 tamen
649 4199 754 4265 Varro
778 4199 942 4265 dubitauit
960 4200 1040 4285 quin
1052 4200 1161 4265 Plauti
1179 4200 1274 4267 foret„
1303 4220 1408 4285 neque

260 4307 343 4373 alins
374 4308 544 4393 quisquam
571 4330 636 4374 non
664 4306 849 4391 infrequens
873 4306 981 4371 Plauti
1009 4307 1111 4372 leelor
1134 4306 1348 4390 dubitauerit,
1378 4305 1407 4371 si

260 4414 312 4480 uel
339 4414 399 4481 hos
428 4414 517 4480 solos
545 4437 584 4480 ex
612 4437 650 4480 ea
673 4414 784 4480 fabula
807 4435 919 4479 uersus
943 4413 1146 4499 cognouerit,
1173 4395 1407 4500 quiquoniam
