2932 5026
358 380 603 447 crimmum
625 382 959 435 ouousnouourcnn.
1164 362 1230 433 301

134 528 225 609 Iuppi
242 524 380 615 Gorgo:
407 526 539 613 mulier,
560 528 596 595 in
616 526 806 595 Vidulsriae
827 550 924 595 versu
951 524 1071 595 codicia
1093 524 1233 593 Ambro-

84 716 90 729 ,
162 635 235 719 rimi,
256 634 373 701 mutilo
395 634 482 721 apud
504 634 669 723 Angelum
690 634 830 719 Maium,
856 634 1033 719 integriore
1055 631 1142 719 apud
1170 654 1232 699 nos

161 740 252 827 opusc
270 738 304 807 II
324 762 358 825 p.
382 741 461 807 174:
489 740 553 809 vu·
572 742 696 809 murem
713 764 744 808 z:
762 742 827 807 Hie
846 740 934 825 apulei
957 738 1131 826 [morem
1153 736 1233 805 Ger·

160 850 244 933 m
291 844 360 913 Vbi
393 848 621 935 corrigendum
652 870 724 915 esse
756 846 931 931 Geryonem
960 868 1028 913 non
1059 846 1245 931 praeteriit·

163 952 267 1039 Iucu,
286 954 343 1039 qni
364 954 498 1021 minime
520 955 660 1023 debebat
682 956 723 1022 de
744 957 898 1041 strpere»
921 954 1076 1041 cogitare.

135 1058 253 1141 ‘spiret
271 1058 429 1147 Gripus:
450 1062 596 1148 piscator
617 1062 786 1129 Rudentia

134 1166 288 1247 ‘rpupluv
314 1164 490 1235 Grumio:
518 1192 630 1236 servus
657 1168 899 1237 Mostellariae.·
932 1170 1026 1249 Quod
1053 1190 1095 1233 ue
1117 1167 1190 1255 quia
1212 1190 1233 1233 a

164 1294 248 1357 Μ
262 1274 372 1361 ducat,
396 1278 561 1341 memento
588 1296 725 1361 graecae
747 1278 870 1357 γρυμέα
897 1276 947 1341 vel
971 1276 1108 1356 γρυμαία
1135 1275 1235 1357 vocis,

167 1378 196 1445 te
210 1402 263 1466 qna
279 1380 461 1449 Meinekius
484 1380 652 1473 videndus·
663 1380 754 1449 Gom.
766 1387 790 1447 t
803 1380 853 1447 111
872 1405 903 1467 p.
917 1382 983 1447 586
1004 1384 1038 1447 et
1051 1379 1108 1446 IV·
1114 1403 1145 1467 p.
1158 1382 1235 1447 428.

169 1484 339 1575 Inpmmptu
352 1492 404 1555 est
415 1492 586 1575 praeterea
599 1488 621 1553 Γ
621 1488 738 1569 ρυμαία
756 1488 907 1553 meretrix
926 1486 1012 1573 apud
1029 1485 1234 1563 Athenaeum

171 1589 229 1659 1111
246 1618 274 1681 p.
293 1595 360 1663 583
381 1594 424 1662 Ε.

138 1695 299 1777 supultus
316 1702 566 1789 Gymnasium
584 1698 838 1787 (Gwnsswup
856 1700 1007 1767 meretrix
1022 1698 1236 1767 Ommllariae.

115 1886 123 1901 ,
173 1802 341 1895 [iiopnsc.
361 1808 396 1875 II
417 1832 450 1895 p.
471 1810 601 1897 484sq.
623 1808 713 1891 500]

138 1906 304 1983 'Acltulic
333 1914 535 1984 Daedalis:
571 1921 690 1999 maur,
720 1916 880 1983 Rudentis
911 1914 970 2001 IV,
1000 1918 1033 2001 4,
1066 1916 1138 1982 120.
1173 1914 1238 1981 130

173 2011 256 2099 (1ch
275 2022 383 2109 1114).

140 2118 314 2211 ’turpisne
334 2126 568 2197 Daemones:
596 2150 696 2196 senex
718 2128 887 2197 studentis.
932 2130 1139 2218 Quamquam
1159 2130 1238 2197 licet

173 2228 273 2303 rinna
284 2238 505 2317 Δαιμονεύ(
519 2236 680 2324 proficisci
693 2236 895 2324 latinamque
911 2234 1086 2303 Daemones
1098 2238 1237 2305 formam

173 2330 203 2397 11
228 2360 288 2413 m
320 2354 470 2411 normam
506 2364 659 2411 revocare
695 2364 760 2429 qua
790 2342 927 2409 Achilles
957 2344 1081 2409 iactum
1112 2348 1163 2409 est
1195 2346 1238 2411 ab
1323 2330 1327 2337 ’

172 2432 309 2537 'liutem
330 2450 479 2517 Ausona
497 2452 539 2517 ab
557 2450 708 2529 Ἀμυκεύε
727 2472 801 2516 cum
819 2449 993 2517 similibus.
1027 2448 1138 2537 Atque
1155 2450 1237 2519 adeo

172 2551 285 2627 lenum
310 2559 433 2625 formas
458 2562 496 2623 ut
518 2556 634 2637 Ἀνθη(
661 2562 695 2623 et
722 2556 865 2640 Ἀνθεύς,
893 2558 1056 2637 Μενέεθηε
1079 2562 1114 2624 et
1137 2559 1238 2625 Μενε-

173 2658 239 2725 (θεύε
256 2664 365 2751 lingua
387 2664 546 2749 probavit
593 2667 784 2743 Δαιμονέω(
808 2656 994 2750 genetivum
1020 2686 1058 2729 ex
1082 2664 1239 2731 Antholo·

172 2757 226 2839 gite
246 2767 408 2834 Palatinae
444 2768 505 2853 VI,
533 2770 597 2834 259
631 2771 770 2853 protulit
797 2769 831 2836 L.
864 2771 1049 2837 Dindorfius
1082 2771 1239 2836 Thesauri

172 2869 189 2927 i·
201 2866 225 2934 Π
239 2896 263 2959 p.
281 2876 359 2943 856:
384 2878 440 2943 ubi
458 2883 568 2942 tamen
586 2900 653 2942 non
672 2877 786 2962 ignoro
806 2880 985 2957 Δαϊμένευ(
1012 2877 1045 2965 (a
1063 2881 1240 2961 Δαϊμένης)

173 2983 358 3050 commendari
383 3007 403 3047 a
432 2982 605 3049 Meinekio.
646 2984 707 3063 [uf.
727 2982 915 3048 Buecheleri
941 2985 994 3050 lat.
1017 2983 1138 3050 Decliu.
1157 3008 1187 3069 p.
1197 2986 1240 3065 2.]

141 3075 215 3147 Δᾶο(
231 3087 365 3156 Dauos:
390 3112 502 3155 servus
525 3088 677 3174 Andriae,
700 3088 917 3175 Phormionis3
940 3129 985 3139 —
1008 3092 1087 3157 item
1106 3092 1241 3176 Amphi·

176 3190 271 3261 monis
293 3197 318 3281 1,
344 3200 372 3279 1,
396 3198 469 3261 209.
501 3195 543 3279 11,
570 3199 597 3280 1,
615 3197 657 3260 61
683 3193 772 3279 (365.
796 3195 888 3281 614);
914 3234 952 3243 -
979 3199 1064 3282 apud
1088 3198 1241 3263 Plautum

172 3290 242 3367 Gellii
262 3302 383 3388 XVIII,
409 3306 462 3385 123
486 3340 527 3349 -
552 3303 637 3386 apud
661 3303 867 3387 Anonymum
896 3305 929 3368 in
959 3305 1130 3370 Ribbeckii
1154 3306 1242 3371 Com.

171 3408 274 3495 p1053
300 3446 338 3458 —
365 3411 445 3475 Item
463 3411 577 3476 fabula
595 3410 742 3476 Caecilii:
764 3410 802 3473 cf.
822 3410 986 3494 Parergon
1005 3410 1021 3474 I
1040 3434 1069 3495 p.
1093 3412 1154 3475 143
1170 3412 1241 3476 adu.

138 3506 301 3589 Alpino(
325 3518 543 3583 Dardanus:
570 3519 681 3583 fabula
705 3516 851 3599 Caecilii,
878 3516 964 3581 haud
995 3518 1091 3583 dubie
1116 3540 1136 3582 a
1158 3519 1242 3584 servi

169 3623 285 3709 nomine,
308 3624 395 3711 quod
418 3624 520 3689 habes
542 3626 577 3690 in
599 3626 624 3690 Ι.
650 3625 684 3688 ll.
708 3622 748 3688 N.
772 3625 868 3689 6582.

135 3716 355 3812 *Aeiviupxot
384 3730 882 3819 Diniarchus(D1s1nacvs):
914 3733 1101 3798 adulescens
1124 3731 1243 3796 Trucu-

166 3828 240 3902 lenti:
261 3838 301 3903 de
323 3861 389 3924 quo
413 3838 485 3903 vide
508 3843 631 3924 quaest.
656 3844 755 3922 caput
779 3837 811 3902 II
835 3842 855 3915 {l
879 3841 909 3903 3.

134 3934 259 4010 Λεινία(
280 3944 411 4011 Dinia:
435 3948 559 4011 amicus
582 3947 678 4028 senis,
703 3946 870 4010 Asinariee
893 3944 932 4027 V,
956 3946 986 4027 2,
1014 3946 1052 4009 lli
1076 3944 1186 4031 (866);
1202 3980 1243 3991 —·

163 4045 226 4115 ilem
247 4074 341 4118 senex
366 4052 439 4137 (aut
457 4054 595 4119 fortasse
614 4052 818 4137 adulescens)
837 4051 1034 4131 Vidulariae‚
1053 4052 1086 4116 in
1110 4073 1246 4147 scaenae

160 4152 354 4242 inscriptione
379 4182 462 4244 quae
485 4159 563 4225 haec
586 4164 638 4224 est
661 4159 695 4224 in
721 4158 843 4244 pagina
866 4159 929 4223 247
961 4157 1078 4223 codicis
1108 4159 1245 4223 Ambro-

160 4263 243 4328 siani:
264 4264 417 4332 DINIAS
436 4264 692 4333 NICODEMVS
711 4263 928 4353 CACIS'IVS.
973 4263 1039 4329 Vbi
1058 4264 1176 4327 mirum
1196 4268 1246 4327 est

159 4367 264 4437 Weiss
280 4373 437 4459 scriptum
461 4396 531 4437 esse
551 4396 609 4457 pro
633 4395 672 4438 eo
692 4370 776 4456 quod
796 4375 1001 4454 exspectatur
1018 4370 1121 4434 Dinia
1139 4370 1180 4433 ael
1205 4369 1246 4431 si·

158 4476 361 4545 militudinem
384 4500 602 4564 eorumquae
626 4484 702 4545 scint
732 4478 853 4561 Ollaria,
876 4476 1006 4553 Dmca,
1019 4476 1150 4613 tHoplea,
1171 4475 1247 4540 Μ’

979 4586 1014 4635 20
