2956 5018
481 353 559 401 srva
583 352 832 400 russnousnvn
857 352 961 398 ursas
1229 335 1290 398 521

141 499 227 563 satis
258 497 360 561 videri
393 497 500 580 potuit
529 496 702 580 aliquando
734 495 832 559 simili
861 495 971 580 generi
1003 496 1108 559 simile
1132 495 1295 578 substitui,

141 605 243 671 modo
278 605 358 671 haec
387 604 439 667 lex
468 603 694 668 observaretur
716 607 753 667 ut
780 603 814 667 in
843 602 980 688 singulis
1004 603 1162 668 librorum
1186 601 1295 688 dyadi-

139 713 204 779 bus
237 710 442 797 septemplici
473 710 588 774 honori
619 710 791 795 peregrino
822 710 1021 794 septemplex
1051 710 1216 775 Romanus
1247 731 1294 773 re·

141 818 329 903 sponderet

233 924 331 992 Novo
356 926 504 1009 exemplo
522 925 725 1008 intellegitis,
747 923 985 989 commilitones
1004 924 1174 1006 carissimi,
1197 946 1294 1008 quam
1309 938 1370 978 x111

142 1056 219 1100 rere
237 1032 367 1098 dicatur
381 1053 452 1096 esse
467 1033 564 1107 etiam
578 1030 742 1096 nesciendi
758 1035 862 1096 artem
879 1031 1049 1115 quandum,
1069 1054 1133 1116 qua
1145 1031 1294 1115 neglecta

139 1164 182 1208 ne
202 1141 282 1206 sciri
301 1139 431 1224 quidem
451 1144 537 1205 recte
554 1145 587 1203 et
602 1161 674 1202 cnm
689 1139 813 1203 ratione
829 1138 942 1222 possit.
980 1139 1181 1222 Quamquam
1196 1160 1293 1201 unum

140 1254 194 1314 est
217 1249 253 1313 in
276 1247 340 1312 hac
361 1269 445 1332 quae
464 1247 505 1310 ad
523 1245 707 1330 Inraginum
726 1246 828 1310 libros
847 1247 988 1329 pertinet
1008 1245 1206 1329 quaestione,
1230 1266 1294 1328 quo

112 1432 115 1437 ’
142 1442 346 1499 meditationes
360 1458 425 1496 snas
438 1440 582 1495 nobiscnm
593 1440 728 1494 Henricus
739 1439 877 1494 Bruanius
888 1438 1083 1505 communicat,
1095 1437 1167 1492 unde
1177 1438 1295 1492 forsitan

144 1532 257 1603 aliquid
272 1530 343 1587 lucis
358 1530 388 1585 in
402 1547 464 1584 eam
479 1546 562 1599 quam
578 1546 662 1599 supra
675 1528 821 1598 tetigimus
835 1528 1025 1598 quaestionem
1040 1527 1184 1583 redundet.
1212 1527 1294 1596 Apud

143 1618 268 1675 eundem
283 1618 359 1674 enim
375 1617 505 1688 Plinium,
524 1618 569 1672 cui
588 1618 751 1673 memoriam
766 1617 948 1672 hebdomadis
963 1617 1152 1671 varronianae
1167 1615 1295 1684 antiquos
1366 1664 1370 1669 .

145 1707 303 1763 statuarios
329 1707 492 1778 complexae
517 1707 626 1776 deberi,
652 1706 680 1761 in
705 1708 803 1762 codem
827 1706 899 1762 libro
918 1705 1048 1775 XXXIV,
1076 1704 1106 1759 in
1128 1705 1182 1759 fine
1205 1705 1295 1774 partis

143 1797 373 1867 chronologicae,
392 1797 427 1851 sd
446 1798 564 1851 eandem
584 1797 673 1851 artem
692 1796 863 1866 pertinentia
882 1803 990 1866 septem
1009 1794 1123 1850 nomina
1137 1796 1207 1850 haec
1222 1812 1296 1850 com·

143 1886 212 1956 poni
230 1893 247 1953 ἦ
267 1893 315 1942 bt:
343 1885 484 1942 ‘Cessevit
502 1885 613 1941 deinde'
635 1888 711 1956 (post
729 1887 832 1956 olymp.
853 1887 949 1953 CXXI)
970 1887 1025 1940 ‘ars
1043 1904 1076 1940 ac
1095 1887 1189 1939 rursus
1208 1886 1296 1953 olym·

143 1975 230 2045 piade
249 1974 336 2031 CLVI
355 1974 469 2042 revixit,
494 1992 556 2029 cum
575 1976 653 2030 fuere
672 1976 754 2046 longe
774 1976 886 2045 quidem
907 1976 979 2030 inira
997 1975 1166 2045 praedictos,
1186 1974 1297 2044 probati

141 2070 240 2119 tamen
260 2066 427 2131 Antaeus,
451 2064 689 2132 Callistratus,
714 2064 873 2134 Polycles
893 2066 1063 2132 Athenaeus,
1083 2063 1297 2132 callixenus,

142 2153 350 2223 Pythoclea,
374 2152 531 2222 Pythias,
554 2153 745 2210 Timocles.'
785 2154 844 2208 Nec
868 2154 942 2208 enim
970 2153 1004 2208 de
1023 2153 1130 2208 artifice
1149 2154 1296 2209 Athenaeo

142 2241 328 2313 cogihsndum
352 2241 455 2311 videri,
484 2242 531 2297 ssd
556 2241 590 2296 dc
615 2241 779 2297 Atheniensi
803 2242 925 2311 Polyclc.
962 2244 1026 2298 Non
1048 2242 1136 2313 igitur
1159 2243 1295 2297 dissimile

142 2330 202 2387 reri
227 2348 289 2387 esse
308 2348 343 2386 ex
361 2331 533 2402 Imaginibus
551 2331 684 2387 Varronis
703 2333 774 2386 hanc
794 2349 904 2401 quoque
924 2332 1129 2386 hebdomadam
1148 2332 1295 2387 statuario·

142 2438 206 2475 ram
224 2436 365 2489 mansne,
385 2421 420 2476 de
439 2422 540 2492 quibus
559 2422 588 2477 in
602 2421 727 2477 Historia
746 2421 883 2476 artificum
902 2421 1008 2476 dietum
1027 2422 1108 2475 vol.l
1129 2439 1155 2489 p.
1172 2428 1223 2475 636
1235 2440 1294 2491 sqq.

145 2509 210 2564 Vna
227 2526 297 2565 sero
316 2510 470 2579 eademque
489 2512 582 2565 aetate
602 2511 666 2565 illos
685 2509 892 2580 comprehendi,
912 2526 983 2578 quae
1002 2509 1056 2562 luit
1075 2510 1150 2564 circa
1169 2514 1296 2580 tempora

145 2603 325 2677 expugnatae
340 2598 476 2653 Corinthi.
514 2601 581 2654 Esse
600 2602 694 2654 autem
714 2601 785 2654 hanc
805 2617 867 2653 eam
886 2600 1017 2662 aetatem,
1038 2616 1095 2666 qua
1114 2601 1231 2653 ltomanr
1251 2617 1295 2653 ars

146 2686 254 2742 Graeca
278 2686 408 2758 migrarit
430 2706 587 2758 novumque
610 2688 650 2744 ibi
674 2692 703 2742 et
728 2689 870 2759 proprium
891 2687 1064 2742 domicilium
1083 2688 1226 2742 statuerit:
1256 2692 1295 2757 nt,

146 2792 230 2847 qaam
253 2778 344 2831 artem
367 2793 492 2845 quosque
515 2778 635 2833 artifices
657 2782 803 2849 tamquam
827 2796 900 2832 nova
923 2779 1012 2831 mater
1030 2777 1059 2831 in
1079 2777 1141 2830 sinu
1161 2795 1210 2830 suo
1229 2777 1295 2830 urbs

151 2866 238 2920 Roma
256 2864 373 2931 foveret,
392 2865 544 2937 participes
559 2868 679 2936 quodam
695 2868 778 2922 modo
794 2867 881 2937 ipsius
897 2866 1021 2921 civitatis
1031 2865 1173 2919 ltomanae
1189 2867 1293 2920 tierent.

150 2954 246 3025 ltaque
264 2954 324 3009 lieri
343 2955 468 3024 potuisse
486 2960 518 3010 ut
534 2956 563 3011 in
577 2960 658 3011 tauta
671 2957 788 3027 penuria
804 2957 1012 3023 statuariorum,
1032 2955 1081 3024 qui
1095 2955 1194 3009 Italica
1208 2954 1296 3024 stirpe

153 3044 258 3099 oriundi
282 3044 409 3114 aliquam
435 3044 539 3099 sarnam
565 3045 641 3100 nacti
660 3049 765 3113 essent,
793 3050 917 3101 veterum
937 3046 1107 3100 Graecorum
1127 3045 1295 3099 hebdomadi
1322 3046 1325 3053 '

158 3132 240 3188 Varro
257 3132 285 3186 in
300 3132 428 3203 proximo
443 3133 514 3187 libro
529 3134 734 3190 hebdomadem
750 3134 934 3204 posteriorum
950 3139 1111 3206 opponeret,
1131 3136 1186 3204 qui,
1201 3152 1296 3203 quam-

162 3238 237 3289 quam
255 3219 402 3292 peregrina
421 3222 542 3293 origine,
566 3226 661 3278 tamen
680 3225 759 3278 velut
777 3224 1013 3295 adoptaticicrum
1030 3225 1060 3278 in
1080 3225 1141 3279 loco
1161 3243 1178 3277 a
1197 3225 1297 3278 Rorna-

162 3308 200 3363 aa
214 3310 389 3380 haberentur,
408 3317 441 3367 ut
460 3316 488 3367 ct
506 3313 690 3368 nobilitantes
709 3331 809 3368 novam
829 3315 923 3367 sedem
943 3318 973 3367 et
990 3314 1138 3368 abeodem
1153 3314 1296 3368 nobilitati

166 3396 217 3465 ipsi.
249 3401 338 3469 Atque
364 3399 406 3454 ita
431 3400 517 3456 etiam
543 3403 633 3471 magis
658 3403 785 3473 intellegi
809 3421 892 3472 quam
912 3403 969 3455 vim
989 3402 1057 3455 illud
1078 3403 1194 3469 habeat,
1223 3403 1297 3471 quod

169 3486 218 3541 tum
240 3488 406 3543 revixisse
432 3492 522 3545 artem
546 3490 644 3545 scribit
664 3491 783 3546 Plinius:
810 3493 892 3557 item,
919 3509 967 3545 cnr
991 3491 1027 3544 ab
1047 3490 1132 3544 CXXI
1157 3491 1192 3544 ad
1213 3490 1295 3544 CLVI

172 3572 336 3645 olympiadem
360 3579 442 3632 tanto
466 3580 599 3648 temporis
618 3579 697 3634 hiatu
717 3581 810 3634 subito
829 3580 978 3636 transiliat.
1000 3613 1032 3619 —
1054 3581 1095 3633 De
1114 3598 1171 3651 qua
1190 3579 1297 3635 coniec-

94 3680 98 3741 3
175 3662 225 3717 turs
239 3666 305 3720 omni
324 3682 411 3736 penes
430 3665 501 3722 alios
518 3667 653 3722 iudicium
673 3672 740 3723 esto.
778 3671 870 3723 Vnum
890 3670 943 3724 hoc
961 3669 1097 3738 addimus,
1118 3686 1296 3739 magnacum

94 3744 99 3833 l
178 3750 349 3815 maturate
369 3755 489 3810 similem
508 3756 752 3813 nstiocinationem
772 3760 807 3812 ad
826 3761 957 3813 Aeneae
976 3775 1124 3827 personam
1144 3759 1296 3824 transferri,

94 3838 102 3883 l
181 3836 215 3891 ca
231 3838 310 3897 locam
328 3843 359 3897 in
377 3842 465 3898 Εἰκόιι
484 3845 616 3900 Varronis
636 3847 747 3900 loannis
766 3847 837 3916 Lydi
857 3847 1048 3901 testimonium
1068 3847 1169 3901 tribuit
1187 3849 1221 3901 de
1240 3866 1297 3902 rna-

182 3924 240 3992 Μ.
255 3931 276 3999 l,
292 3939 333 3988 30.
371 3931 445 3986 Nam
469 3933 542 3988 hunc
561 3936 594 3987 ut
613 3953 691 3988 suum
713 3935 766 3990 sibi
785 3936 926 3990 vindicare
946 3938 1151 3991 consueverunt
1169 3936 1296 4004 Romani,

94 4048 98 4055 -
184 4009 216 4067 its
228 4015 363 4077 Varronem
388 4021 565 4091 potissimum
584 4041 602 4078 a
620 4023 732 4079 Graecis
750 4026 883 4080 heroibus
902 4043 1064 4095 segregasse
1084 4043 1116 4079 eo
1137 4025 1297 4079 credibilius

101 4158 105 4167 .
185 4104 223 4165 “A
237 4124 280 4174 quo
297 4111 407 4182 aegrius
426 4111 455 4165 in
471 4113 524 4167 hoc
538 4112 600 4183 ipso
615 4131 716 4181 genere
731 4115 767 4168 ad
782 4114 981 4168 abundantiam
998 4114 1165 4169 Graecorum
1182 4114 1296 4170 italicae

101 4246 104 4251 .
185 4189 328 4261 miraeus
346 4200 444 4270 inopia
462 4203 763 4272 appropinquabat-
782 4205 911 4258 Ceterum
933 4204 960 4256 in
980 4205 1181 4274 perlustrandis
1200 4205 1294 4260 classi-

184 4272 222 4331 ltt!
234 4280 363 4344 hominum
382 4291 551 4359 inlustrium,
570 4308 641 4361 quae
656 4292 774 4346 Varroni
794 4295 985 4362 suppeterent,
1005 4310 1088 4361 supra
1102 4293 1195 4361 potuit
1208 4293 1295 4346 etiam

184 4365 270 4428 suaa.
285 4377 360 4434 locas
377 4379 465 4435 tribui
483 4382 568 4448 atque
587 4380 805 4450 gladiatoribus,
830 4380 923 4450 potuit
940 4380 1003 4435 aliis
1022 4382 1152 4435 ludorum
1169 4379 1293 4449 publico·

184 4463 391 4536 runvictoribus,
411 4468 505 4539 potuit
522 4468 605 4524 claris
624 4468 794 4525 mulieribus.
