2932 5026
444 318 522 368 srva
544 318 791 367 unnnounnvu
816 318 920 365 nmm.
1196 300 1259 363 541

163 460 285 526 labemus.
326 458 441 547 Itaque
464 460 591 547 origiue
613 462 722 547 potius
746 466 779 525 et
807 464 904 546 gente
932 482 1029 545 quam
1052 458 1168 523 ltaliae
1193 459 1261 522 liui-

162 566 203 631 bus
218 567 358 633 Italorum
380 567 473 633 notio
495 569 738 651 circumscripta
761 567 906 651 putanda
929 567 998 630 erit.
1045 566 1130 629 Vsus
1154 568 1261 629 autem

161 677 194 738 est
208 673 388 739 ltitscbelius
416 673 456 738 ad
480 695 552 738 eam
576 674 838 739 distributionem
862 671 1116 737 confirmandam
1140 670 1261 735 Valerii

158 778 255 846 Marini
276 782 314 845 sd
329 780 488 846 Varronis
512 781 739 845 auctoritatem
764 802 832 843 sese
856 779 1083 863 componentis
1107 778 1263 860 exemplo,

158 886 225 971 idque
249 891 344 970 reete3
381 888 564 970 praeiverat
601 910 727 973 quoque
760 886 929 951 Cornelius
962 884 1086 969 Nepos,
1123 884 1262 949 Varroni

158 995 275 1077 requdis,
306 994 399 1059 libris
430 994 468 1058 de
498 995 575 1059 viris
606 995 790 1059 illustribus
820 994 951 1077 scriptis
982 990 1036 1078 (ef.
1066 991 1264 1076 Nipperdey,

158 1097 246 1186 dinltg.
279 1124 308 1185 p.
341 1098 435 1166 XVII
462 1102 536 1186 sq),
577 1102 631 1187 qui
670 1124 728 1166 nec
760 1100 920 1191 Datamen
954 1122 1012 1164 nec
1046 1098 1263 1162 Hamilcarem

157 1202 396 1292 Hannibalemque
420 1208 504 1273 inter
522 1206 663 1273 (lmecos
688 1230 866 1272 memorare
890 1207 1044 1271 omiserit.
1083 1203 1145 1267 Sed
1168 1204 1200 1267 iu
1225 1227 1263 1268 eo

158 1309 259 1377 Gneoos
288 1336 362 1378 eum
395 1312 551 1379 Romanis
588 1312 775 1377 conferendi
809 1311 931 1395 studio,
968 1333 1032 1395 quo
1068 1312 1156 1375 circa
1192 1332 1263 1373 eam

158 1420 261 1485 oebtem
287 1440 484 1504 magnopere
512 1419 664 1484 delectati
693 1442 763 1484 esse
793 1420 939 1484 videntur
968 1418 1133 1501 utriusque
1157 1418 1263 1501 gentis

156 1522 304 1609 scriptores,
336 1530 458 1610 quauta
490 1530 599 1591 tamen
634 1527 878 1610 inaequalitatis
915 1523 1059 1608 pericula
1097 1524 1264 1587 extiterint

155 1624 273 1697 Romame
295 1634 329 1697 in
352 1632 471 1697 litteris
494 1634 684 1717 artibusque
709 1635 813 1698 minus
841 1632 1039 1717 pollentibus
1067 1629 1144 1715 (qua
1168 1630 1206 1694 de
1230 1652 1263 1694 re

156 1730 256 1816 ingenue
282 1740 491 1804 confitentem
515 1738 770 1816 Quinctilianum
798 1736 985 1822 habemus),
1017 1737 1049 1800 id
1083 1760 1146 1802 non
1179 1737 1264 1821 fugit

156 1834 340 1928 Rilscbelium,
363 1847 417 1929 qui
441 1851 614 1930 propterea
637 1846 805 1927 concessit,
828 1844 1008 1909 Varronem
1032 1842 1164 1908 Graecis
1188 1843 1262 1907 beb-

156 1943 309 2016 domadibus
324 1951 489 2016 mmanas
514 1975 551 2015 ex
577 1952 697 2016 eisdem
721 1953 768 2016 ccl
781 1954 917 2017 iiioxime
929 1952 1073 2032 finitimis
1091 1951 1264 2036 generibus

155 2053 242 2130 petitas
263 2059 477 2122 subiunxisse.
514 2057 732 2132 Quamobrem
756 2059 841 2122 idem
865 2081 893 2122 v.
913 2057 951 2140 d,
975 2064 1170 2141 utmagnus
1195 2079 1263 2139 sep-

154 2155 339 2243 tagenarum
358 2163 533 2228 illustrium
553 2165 642 2229 orbis
662 2164 782 2247 expleri
803 2167 922 2248 posset,
940 2169 1068 2247 praeter
1083 2165 1264 2228 litterarum

153 2265 299 2356 ediumque
322 2271 448 2334 lumina
471 2270 535 2335 alia
559 2271 689 2335 virtutis
713 2275 809 2353 atque
833 2271 1052 2353 praestantiae
1071 2292 1189 2353 genera
1208 2271 1265 2334 eir·

152 2377 318 2461 suspexit,
349 2378 465 2462 quibus
494 2377 697 2441 illustrandis
722 2377 862 2441 Varroni
894 2376 1032 2440 materia
1062 2377 1176 2440 idonea
1199 2376 1264 2440 sui-

150 2470 240 2563 fieret,
259 2506 285 2547 e.
305 2504 336 2568 g.
360 2483 401 2548 ad
425 2482 522 2547 Plinii
547 2484 567 2547 l.
587 2482 649 2546 Vll
674 2484 748 2547 inde
772 2506 792 2546 a
815 2485 835 2562 ξ
855 2482 897 2546 33
922 2482 1132 2564 multiplicem
1157 2489 1190 2546 et
1213 2505 1263 2547 co·
1279 2504 1305 2542 u

148 2577 243 2657 piceam
271 2590 493 2654 diversitatem
524 2589 709 2673 Valeriique
740 2588 875 2652 Maximi
903 2589 1121 2670 exemplorum
1150 2609 1264 2672 conge-

149 2682 207 2755 riem
232 2695 369 2780 digitum
398 2697 578 2762 intendens.
624 2695 724 2779 quue
755 2696 823 2758 iure
854 2696 976 2758 fuctum
1001 2717 1069 2757 esse
1095 2695 1142 2758 vel
1168 2694 1264 2759 Plinii

146 2800 397 2886 septingentorum
424 2804 639 2883 aliquomodo
667 2803 842 2866 illustrium
871 2802 1038 2865 homiuum
1067 2801 1165 2864 verba
1194 2825 1263 2883 pro-

146 2892 209 2969 bani,
252 2908 342 2984 Quae
367 2930 437 2971 cum
463 2909 489 2971 it
533 2909 615 2988 sint,
639 2930 677 2971 ea
700 2931 826 2992 quoque
850 2910 883 2972 ni
909 2909 1006 2972 fallor
1029 2912 1082 2971 aut
1107 2908 1265 2970 tolluntur

142 3013 183 3073 ut
202 3015 316 3078 saltem
340 3016 560 3097 infirmantur,
584 3037 666 3098 (puae
690 3014 855 3079 Plinianue
880 3036 1023 3079 suumme
1047 3015 1192 3098 patronis
1217 3015 1265 3076 sui

138 3122 243 3184 numeri
267 3125 363 3185 tenax
388 3144 416 3184 v.
437 3121 466 3183 d.
491 3121 644 3203 opposuit
667 3120 750 3185 Mus.
775 3122 834 3185 lili.
859 3146 887 3204 p.
909 3125 977 3204 lot,
1003 3145 1120 3204 palleos
1145 3122 1267 3186 seilicet

136 3218 221 3291 libros
245 3227 347 3291 fuisse
371 3228 514 3290 eiusdem
540 3229 666 3311 generis
688 3228 855 3293 hominum
877 3252 1019 3312 cupiscas,
1043 3230 1137 3292 sicuti
1158 3236 1266 3311 poeta·

129 3351 190 3397 rum
223 3338 282 3397 aut
311 3334 406 3398 rebus
436 3335 537 3418 gestis
567 3334 738 3415 clarorum,
776 3336 914 3398 medicos
944 3337 1062 3418 quippe
1093 3335 1144 3396 vix
1173 3338 1266 3396 unius

124 3437 330 3504 hebdomadis
359 3440 500 3522 spatium
530 3441 719 3522 excessisse,
748 3464 784 3504 ex
814 3463 948 3525 quorum
980 3462 1097 3522 genere
1121 3440 1148 3501 si
1173 3461 1265 3520 cory-

120 3546 242 3629 phaeus
267 3545 385 3628 aliquis
409 3547 471 3610 toti
496 3547 581 3610 libro
606 3547 810 3630 praepositus
834 3554 929 3629 essct,
954 3570 1075 3610 rueram
1100 3545 1265 3608 licentiam

119 3675 255 3739 regnare
284 3652 393 3715 videri.
440 3652 523 3716 Nam
554 3653 581 3715 si
609 3652 650 3715 ad
681 3654 904 3735 exsequendas
929 3656 1123 3717 Graecorum
1152 3653 1265 3716 laudes

117 3760 150 3824 in
184 3758 402 3824 adsciscendis
436 3757 655 3822 Romanorum
689 3760 847 3823 classibus
882 3762 921 3824 ael
955 3762 1094 3824 finitima
1127 3761 1266 3823 maxime

117 3886 240 3951 genera
264 3866 370 3930 Varro
401 3887 434 3928 se
466 3869 652 3930 convertere
683 3865 835 3947 debebat,
869 3869 932 3930 iam
962 3867 1055 3931 credo
1083 3865 1144 3929 hoc
1168 3867 1266 3930 etiam

116 3972 260 4036 dandum
293 3972 368 4052 erit,
405 3972 437 4033 in
468 3970 647 4053 deligendis
678 3971 744 4034 illis
776 3972 1031 4054 ‹piattuordecim
1068 3973 1266 4055 principibus

117 4078 231 4162 aliqua
255 4077 284 4139 ei
309 4075 460 4140 libertate
481 4076 635 4139 utendum
657 4077 764 4159 fuisse,
788 4078 980 4159 pracsertim
999 4101 1094 4162 quum
1116 4079 1176 4161 ipsi
1199 4102 1267 4161 sep.

117 4190 269 4249 tenerum
297 4181 536 4246 hebdomadum
566 4181 656 4264 libri,
688 4189 726 4247 ut
754 4185 861 4267 aliquo
890 4185 986 4248 modo
1016 4186 1157 4248 illustres
1181 4208 1266 4248 com-

117 4290 372 4375 prehenderent,
400 4289 588 4352 diversitate
612 4289 750 4372 quadam
774 4312 839 4354 nou
866 4297 997 4372 possent
1020 4314 1083 4355 non
1108 4290 1265 4354 laborare.
1351 4296 1359 4315 ⁶

116 4398 162 4462 Et
185 4397 317 4481 proprie
341 4395 470 4480 quidem
494 4396 590 4458 duces
609 4396 666 4477 illi,
690 4396 717 4458 si
737 4419 835 4460 unum
851 4397 1028 4462 Homerum
1048 4397 1176 4479 excipis,
1200 4419 1225 4460 e.
1241 4418 1265 4458 c.
