2932 5026
281 334 347 400 534
614 352 728 399 uarias
752 333 897 400 vauuo's
922 351 1098 398 rnraomvu

281 496 413 561 stantia.
459 493 582 559 Deinde
611 496 749 559 alterum
773 493 870 558 Gellii
900 494 1082 578 exemplum
1111 496 1246 577 praesto
1275 496 1338 578 est,
1364 517 1436 590 quo·

282 625 353 667 eum
382 603 483 669 libros
507 601 729 667 Varronianos
758 624 823 666 non
852 603 974 666 omissa
1005 601 1231 685 disputatione
1263 600 1423 687 isagogira

268 709 414 773 ¹solitum
438 731 508 772 esse
531 730 700 773 numerare
724 710 942 773 confirmatur.
979 707 1070 772 Libri
1094 708 1252 772 nimirum
1276 707 1424 793 Xeapitc

284 816 324 881 15
348 819 368 896 ξ
392 817 434 880 32
462 815 542 879 haec
564 814 677 879 habes:
706 814 832 880 ‘Verba
855 814 898 879 M.
922 797 1078 880 Varronis
1102 837 1141 879 ex
1164 816 1297 880 serrendo
1324 837 1427 880 rerum

281 922 462 987 divinarum
491 944 587 1005 super
615 922 744 986 flamine
774 919 863 985 Diali
891 920 971 986 haec
1000 925 1090 986 sunt:
1127 922 1160 986 Is
1190 923 1298 987 solum
1321 922 1447 993 album

280 1029 381 1092 habet
409 1030 567 1113 galerum,
599 1029 650 1092 vel
679 1028 762 1112 quod
793 1029 952 1092 maximus
981 1028 1033 1091 vel
1057 1028 1141 1112 quod
1165 1027 1238 1092 Iovi
1262 1029 1449 1103 immolata

280 1136 392 1200 hostia
423 1136 498 1199 alba
533 1135 564 1198 id
597 1135 668 1199 fieri
700 1134 873 1218 oporteat.'
919 1137 969 1200 Ea
996 1157 1168 1219 perperam
1195 1135 1443 1210 Ambrosehiun

280 1243 431 1330 (Studien
459 1265 489 1326 p.
513 1242 556 1306 49
591 1245 699 1306 annot.
723 1243 781 1329 45)
815 1266 853 1307 ex
881 1265 992 1308 eorum
1022 1242 1178 1306 librorum
1207 1244 1351 1323 secundo
1377 1251 1437 1329 qui

280 1350 319 1413 de
344 1348 563 1413 sacerdotibus
589 1349 701 1432 scripti
727 1353 833 1432 erant,
856 1350 875 1413 i.
900 1371 926 1414 e.
950 1371 989 1412 ex
1011 1349 1123 1432 tertio,
1147 1371 1246 1432 quem
1269 1350 1309 1414 de
1332 1371 1425 1435 augu-

280 1456 370 1520 ribus
394 1454 494 1519 fuisse
513 1456 715 1540 Augustinus
739 1457 849 1540 prodit
873 1457 925 1542 (de
947 1457 1005 1521 civ.
1025 1457 1076 1520 dei
1095 1455 1152 1538 VI,
1166 1455 1214 1541 3),
1239 1460 1419 1526 autumavit

281 1561 344 1627 Sed
378 1584 476 1646 quum
504 1561 706 1646 Marquardti
738 1586 840 1647 nuper
872 1565 1033 1629 industria
1064 1565 1145 1628 satis
1178 1564 1354 1649 probatum
1384 1568 1414 1629 sit

280 1667 378 1754 (Hdb.
404 1668 432 1731 d.
455 1674 535 1732 rom.
560 1669 625 1731 Alt.
654 1668 712 1732 Bd.
735 1668 784 1734 IV
808 1694 837 1754 p.
864 1672 935 1735 168.
962 1672 1023 1735 187
1046 1666 1105 1755 sq.)
1138 1670 1329 1735 flaminibus
1356 1672 1412 1736 inti-

280 1798 368 1840 mam
397 1775 525 1860 quidem
554 1785 626 1839 cum
654 1776 862 1859 pontificibus
895 1778 1166 1842 necessitudinem
1201 1777 1411 1860 intercessisse,

280 1881 403 1946 nullam
429 1903 504 1946 vero
528 1904 600 1946 cum
624 1883 816 1968 auguribus,
847 1884 926 1947 mihi
956 1884 1082 1969 quidem
1113 1885 1263 1968 persuasi
1293 1883 1411 1948 Gellium

281 1990 456 2055 secundum
480 1988 637 2055 Varronis
667 1992 785 2056 librum
814 2014 887 2055 eum
915 1991 1036 2076 dicere,
1060 1993 1115 2075 qui
1139 1991 1180 2055 ad
1205 1991 1362 2056 amussim
1380 2011 1413 2054 se

281 2097 402 2162 cundus
426 2096 489 2159 fuit
507 2118 573 2161 uon
592 2097 711 2163 omisso
730 2098 907 2181 isagogico,
932 2097 1048 2181 quique
1068 2096 1107 2160 de
1125 2097 1340 2181 pontificibus
1359 2117 1414 2182 age

281 2205 339 2268 bat
361 2207 444 2267 teste
460 2201 654 2287 Augustino.
690 2203 857 2267 Habemus
881 2224 959 2288 ergo
975 2201 1117 2266 Gellium
1142 2204 1206 2268 sibi
1231 2208 1416 2269 constantem

281 2310 315 2374 in
338 2306 544 2374 numerandis
567 2307 660 2372 libris
676 2307 899 2391 Varronianis,
922 2308 1006 2372 unde
1025 2308 1134 2392 priore
1154 2308 1229 2373 loco
1248 2307 1417 2375 necessario

282 2417 430 2500 efficitur,
452 2439 486 2480 re
512 2438 586 2480 vera
609 2416 713 2499 primo
736 2415 975 2480 hebdomadum
997 2414 1082 2479 libro
1106 2414 1127 2478 i.
1151 2436 1177 2478 e.
1202 2416 1368 2502 isagogico
1386 2415 1418 2480 de

256 2523 417 2588 ⁷Homeri
447 2525 553 2587 aetate
577 2522 759 2587 Varronem
782 2522 966 2605 disputasse
990 2525 1022 2585 et
1044 2521 1189 2605 imagini·
1207 2521 1344 2587 Homeri
1365 2522 1419 2606 epi·

282 2653 430 2715 gramma
453 2629 685 2714 apposuisse.*)
722 2629 861 2693 Retento
885 2629 987 2712 igitur
1011 2628 1106 2691 simul
1127 2625 1228 2690 Plinii
1247 2629 1420 2714 septingen-

282 2742 388 2801 tarum
408 2737 588 2822 imaginum
607 2757 740 2800 numero
761 2735 849 2799 vides
869 2757 928 2799 nos
949 2757 1013 2798 non
1033 2739 1154 2798 temere
1173 2733 1307 2798 adeam
1326 2735 1422 2818 operis

282 2844 479 2909 Varroniani
513 2843 651 2927 speciem
690 2841 947 2925 amplectendam
980 2840 1066 2923 duci,
1103 2861 1202 2924 quam
1234 2839 1423 2905 Ritschelius

283 2956 449 3035 tamquam
479 2950 567 3013 omni
594 2948 835 3032 probabilitatis
864 2947 1139 3012 commendatione
1170 2946 1362 3012 destitutam
1384 2970 1424 3012 re

283 3059 412 3139 iecerat,
435 3060 471 3120 ut
495 3055 660 3138 ‘septenas
685 3054 902 3118 hebdomadas
927 3055 1048 3138 singuli
1068 3054 1144 3117 libri
1164 3057 1426 3137 quattuordecim,

284 3165 363 3228 duas
387 3165 456 3247 ipse
480 3163 604 3246 primus
628 3183 700 3223 curn
725 3160 1002 3243 disputationibus
1027 3160 1204 3244 isagogicis
1229 3163 1425 3246 conglutina-

283 3277 334 3335 tas
366 3265 671 3354 complecterentur'
695 3290 818 3351 nosque
849 3267 1085 3352 quadamtenus
1113 3266 1221 3330 facere
1251 3290 1327 3331 eum
1350 3291 1424 3334 com·

284 3378 492 3462 putatoribus
526 3376 590 3440 illis
623 3373 805 3438 Ritschelio
839 3374 1056 3438 familiaribus
1089 3373 1260 3457 Plinioque
1295 3375 1427 3459 patroci-

285 3485 437 3550 nantibus
471 3481 567 3569 (Mus,
592 3481 692 3546 Rhen.
715 3504 746 3563 p.
773 3479 863 3565 154),
897 3481 951 3564 qui
985 3480 1137 3565 quoniam
1170 3482 1426 3564 quattuordecim

285 3593 442 3677 imagines
476 3612 620 3654 summae
657 3587 894 3652 [titschelianae
924 3586 1017 3671 (686)
1050 3588 1161 3651 deesse
1196 3587 1370 3671 sentirent,
1398 3587 1426 3651 id

285 3699 392 3781 ipsum
415 3718 479 3760 non
504 3696 674 3760 fortuitum
698 3696 776 3776 rati,
806 3695 943 3779 singulis
967 3693 1226 3777 quattuordecim
1252 3694 1347 3758 libris
1370 3695 1427 3758 sin·

285 3805 381 3888 gulos
405 3803 567 3887 principes
593 3802 659 3864 sive
683 3802 913 3886 antesignanos
938 3802 971 3863 in
994 3801 1102 3864 fronte
1126 3799 1329 3864 extrinsecus
1347 3821 1428 3884 prae·

191 3907 193 3910 ’
287 3911 412 3994 positos
433 3909 675 3992 contenderunt,
694 3930 719 3971 e.
735 3929 760 3971 c.
774 3907 962 3991 Homerum,
982 3906 1226 3989 Hippocratem,
1247 3928 1312 3990 quo
1332 3907 1426 3970 iustus

287 4017 566 4101 septingentarum
595 4015 774 4099 imaginum
805 4013 892 4078 orbis
917 4013 1106 4096 expleretur.
1154 4011 1302 4087 Quorum
1326 4015 1427 4079 volun

287 4143 498 4150 .-———-——--—-

375 4190 400 4258 *)
424 4192 521 4246 Manet
543 4191 723 4245 nihilominus
747 4189 900 4243 obscuritas
924 4188 1062 4255 quaedam
1087 4187 1117 4242 in
1135 4187 1222 4241 Gellii
1246 4187 1322 4255 loco,
1350 4205 1424 4257 quum

286 4280 403 4348 irrupisti
422 4279 536 4334 Homeri
560 4281 734 4349 epigramma
757 4277 917 4347 appositum
941 4275 1030 4344 dicat,
1054 4292 1110 4347 quo
1134 4280 1229 4331 tamen
1255 4293 1311 4331 uon
1333 4277 1424 4346 imago,

187 4391 191 4398 ·
287 4369 335 4423 aed
355 4368 465 4441 capella
483 4368 585 4421 tumuli
603 4367 712 4437 insigne
732 4367 976 4430 commemoretur,
1001 4380 1085 4432 quam
1109 4380 1169 4417 rem
1192 4365 1293 4434 attigit
1311 4365 1423 4420 Elateius

286 4457 316 4512 in
335 4456 425 4512 lahnii
444 4456 543 4511 Annal.
564 4457 660 4526 Suppl.
681 4455 745 4508 xlx
764 4473 791 4525 p.
811 4460 853 4507 61.
