2932 5026
434 366 512 414 srva
537 366 786 414 rruunousnvu
809 367 911 414 aruns.
1180 350 1246 415 513

74 486 87 581 'r
133 509 307 575 latroniane
338 508 483 575 conclusi
516 514 641 593 septem
674 509 844 575 architecti
876 507 1085 592 Daedalus,
1117 509 1246 588 Philo,

132 616 366 699 Archimedes,
389 614 645 701 Menecrates,
668 614 919 700 Chersiphro‚
942 616 1105 698 latinus,
1127 614 1247 681 Dino-

134 722 260 789 chares?
299 722 329 789 Ε
362 723 480 808 quibus
512 727 666 809 quattuor
698 722 795 787 etiam
822 723 948 787 Plinius
980 727 1018 787 ut
1049 708 1246 788 clarissimos

134 831 245 897 sumum
272 852 346 896 cum
379 831 493 916 quinto
522 827 682 915 Ctesibio,
713 830 768 893 sed
801 831 857 913 qui
885 830 1106 895 mechanicam
1139 830 1247 914 potius

133 936 343 1021 inlustraverit,
375 937 549 1023 insignivit
576 937 631 1002 lib.
660 936 723 1001 Vll
751 946 771 1017 ς’
797 937 873 1001 125:
905 935 1045 1020 ‘grande
1072 941 1105 1000 et
1132 936 1248 1001 Archi·

133 1045 197 1110 medi
226 1044 439 1130 geometricae
471 1066 509 1109 ac
541 1043 733 1108 machinalis
767 1043 921 1109 scientiae
953 1044 1176 1109 testimonium
1203 1043 1247 1109 M.

133 1149 248 1216 llmcelli
270 1150 410 1235 contigit
433 1200 440 1216 .
464 1201 472 1216 .
495 1200 503 1215 .
526 1175 546 1233 .;
571 1152 718 1216 laudatus
743 1154 848 1232 estet
871 1149 1091 1234 Chersiphron
1110 1148 1246 1215 Cnosius

134 1257 191 1321 aede
215 1256 337 1341 llphesi
370 1255 495 1322 Dianae
527 1258 710 1323 admirabili
746 1257 920 1339 fabricata,
957 1257 1075 1322 Philon
1107 1257 1246 1322 Athenis

134 1363 354 1430 armamentmo
377 1364 633 1448 millenarium,
657 1364 819 1430 Ctesibius
843 1364 1047 1447 pneumatica
1065 1364 1190 1428 ratione
1214 1369 1248 1428 et

134 1466 300 1551 hydraulicis
325 1471 458 1555 organis
486 1472 638 1555 repertis,
666 1471 867 1537 Dinochares
898 1475 1038 1535 metatus
1061 1471 1246 1537 Alexandro

136 1576 255 1642 condenti
274 1577 311 1642 in
333 1577 488 1662 Aegypto
512 1577 764 1644 Alexandriam?

200 1682 313 1749 Verum
336 1707 377 1749 ne
399 1685 446 1749 sic
474 1685 603 1769 quidem
627 1686 855 1751 concinnitatis
879 1686 987 1751 studio
1011 1685 1090 1750 satis
1116 1684 1247 1749 factum.

74 1854 78 1887 ,Ι
135 1785 199 1853 liam
212 1795 245 1855 ut
261 1790 310 1855 illi
328 1788 444 1856 Graeci
464 1795 541 1855 sunt
559 1796 681 1869 omnes,
700 1793 748 1856 ita
767 1793 867 1857 etiam
886 1792 967 1857 alibi
986 1814 1051 1856 non
1070 1792 1249 1875 miscuisse,

74 1900 79 1925 '
136 1894 177 1959 sed
191 1896 367 1963 discrevisse
387 1896 528 1962 Graecos
543 1897 772 1982 ltomanosque
791 1899 938 1964 homines
953 1898 1058 1963 Varro
1078 1897 1247 1963 videbitur.

136 1997 199 2066 liam
221 2005 342 2088 patriae
371 2004 500 2089 quidem
524 2006 653 2070 virtutis
678 2006 749 2069 laus
773 2028 810 2071 ac
839 2005 946 2089 gloria
974 2026 1071 2089 quam
1094 2005 1191 2090 longe
1215 2005 1249 2069 in

137 2103 310 2193 imaginibus
347 2111 502 2194 patuerit,
538 2112 701 2176 luculento
738 2112 927 2177 testimonio
960 2109 1174 2193 Symmachus
1210 2133 1249 2175 ea

138 2214 246 2295 epistula
267 2217 371 2301 docet,
394 2239 476 2302 quae
499 2218 533 2281 in
556 2217 659 2281 lucem
683 2222 850 2302 protracta
874 2241 893 2282 a
912 2218 1075 2283 Ludovico
1094 2217 1248 2283 (terrione

137 2316 274 2389 Emendat
302 2322 351 2407 ll,
376 2326 431 2406 14,
463 2347 483 2388 a
514 2322 662 2408 (lespera
694 2329 804 2390 autem
837 2323 989 2409 Scioppio
1022 2348 1039 2389 c
1071 2325 1157 2390 libro
1190 2348 1249 2390 ms.

138 2433 250 2495 correcta
277 2428 456 2495 Verisimil.
487 2429 519 2513 l,
548 2431 582 2514 7,
617 2453 703 2496 nunc
735 2435 852 2516 quarta
883 2432 1003 2516 legitur
1035 2430 1111 2495 libri
1142 2431 1249 2515 primi.

138 2526 186 2594 Vbi
215 2536 248 2599 ad
282 2540 410 2620 patrem
446 2532 527 2620 (non
559 2537 601 2602 ad
634 2539 815 2604 Ausonium
848 2538 1130 2623 Burdigalensem,
1167 2560 1248 2621 quae

136 2631 242 2706 Merceri
262 2643 448 2708 coniectura
471 2642 532 2706 fuit
555 2645 589 2708 iu
613 2645 755 2710 Nouium
778 2668 808 2728 p.
825 2644 902 2728 775)
925 2644 1006 2709 haec
1029 2645 1145 2709 scribit
1167 2668 1248 2730 quae

136 2738 386 2831 intraposuimus:
411 2747 577 2814 ‘Studium
596 2752 723 2835 (pridem
744 2751 908 2835 hleuippei
922 2751 1080 2817 Varronis
1100 2752 1249 2836 imitaris,

137 2847 179 2911 Stil
193 2854 280 2922 vincis
299 2857 475 2942 ingenium.
503 2879 578 2921 nam
602 2879 682 2939 quae
702 2859 735 2922 in
755 2863 918 2923 nostrates
939 2859 1024 2922 viros
1044 2881 1127 2923 rruuc
1146 2881 1248 2942 nuper

137 2956 222 3024 condis
248 2965 496 3049 epigrammata,
533 2968 612 3046 puto
650 2965 874 3030 hebdomadon
908 2966 1024 3048 elogiis
1059 2966 1248 3048 praenitere,

136 3063 202 3139 qued
220 3090 312 3155 aeque
337 3072 461 3153 sobria,
483 3092 543 3134 nec
566 3076 675 3135 tamen
700 3095 793 3137 casca
813 3079 896 3136 sunt.
929 3072 986 3135 illa
1009 3072 1095 3137 hono
1115 3073 1247 3137 metallo

136 3183 195 3231 cusa
220 3179 306 3243 torno
336 3177 423 3261 exigi
452 3177 649 3241 nescierunt:
682 3177 761 3243 haee
785 3179 947 3243 duriorem
969 3179 1034 3243 nisi
1058 3180 1153 3245 failor
1181 3202 1247 3243 ma-

136 3269 223 3343 teriem
243 3284 461 3367 admittent.*)
498 3285 552 3348 ille
576 3284 797 3369 Pythagoram
826 3286 879 3368 qui
904 3286 1030 3369 animas
1055 3286 1088 3348 in
1112 3285 1301 3349 aeterni-vu

136 3376 215 3450 tatem
233 3392 352 3474 primus
372 3392 523 3474 asseruit,
547 3391 601 3454 iile
621 3390 790 3455 Platonem
811 3392 866 3476 qui
886 3392 962 3455 deos
982 3413 1053 3454 esse
1077 3392 1247 3473 persuasit,

136 3476 177 3544 illc
191 3490 387 3563 Aristotelem
412 3498 466 3581 qui
486 3502 636 3562 naturam
661 3499 741 3562 heue
760 3497 912 3581 loquendi
937 3498 1091 3561 inertem
1114 3497 1248 3581 redegit,

86 3798 89 3805 -
189 3749 209 3816 ³)
225 3756 357 3831 Vulgatnr
381 3763 473 3832 ‘quod
492 3764 556 3818 licea
575 3779 664 3830 aeque
683 3761 787 3829 sobria,
811 3778 862 3815 nec
886 3764 980 3816 tamen
999 3778 1081 3817 casca
1103 3763 1173 3815 suut.
1198 3760 1249 3815 illa

86 3860 90 3881 ¹
136 3823 191 3924 blm
206 3851 309 3906 metallo
329 3869 395 3906 cusa
414 3856 495 3907 torno
516 3850 591 3921 exigi
611 3851 770 3905 nescierunt
789 3857 812 3905 et
832 3851 971 3906 duriorem
991 3851 1043 3905 nisi
1061 3852 1146 3905 fallor
1159 3852 1248 3903 mate·

137 3930 188 3973 '¹²³¹
200 3934 340 3994 materis&
362 3940 442 4006 Quod
457 3941 496 3994 sic
510 3941 611 3994 saltem
626 3939 773 3993 dicendum
790 3940 894 3994 luerat:
911 3939 977 3993 ‘illa
991 3982 998 3993 .
1014 3982 1020 3994 ,
1036 3982 1042 3993 .
1057 3984 1062 3994 .
1078 3940 1248 3994 nescierunt:

137 4007 160 4055 '¹‘
176 4011 294 4082 duriorem
318 4028 374 4083 nisi
397 4030 481 4102 fallor
503 4029 648 4085 materiem
673 4028 838 4083 adniteris':
863 4046 1032 4097 quamquam
1056 4028 1101 4082 uel
1120 4028 1174 4082 hoc
1192 4045 1248 4081 nou

137 4106 179 4149 '²¹¹²
188 4102 216 4161 dt
228 4131 319 4172 caussa
333 4118 472 4187 displicet.
501 4119 560 4173 Nos
574 4119 609 4172 ab
625 4136 657 4172 eo
678 4118 797 4187 profecti
812 4136 905 4171 sumus
919 4117 993 4185 quod
1007 4120 1072 4171 aute
1087 4116 1248 4186 Scioppium

137 4178 249 4284 edebatur,
271 4206 318 4260 ‘et
339 4206 480 4261 duriorem
500 4207 552 4261 rrisi
578 4207 661 4262 fallor
679 4207 824 4261 materiem
848 4205 1056 4261 admittere'.
1090 4206 1150 4260 Hoc
1173 4205 1247 4259 euim

137 4265 243 4345 ⁸1thVult
266 4296 385 4365 scriptor
413 4296 538 4349 modesto
567 4296 696 4350 nimirum
724 4295 864 4350 acumine:
893 4294 1034 4364 splendori
1057 4293 1246 4348 varronianae
1356 4322 1361 4331 ·

137 4360 214 4426 “lilia
235 4397 284 4437 non
312 4400 408 4452 parem
434 4400 492 4436 esse
520 4384 660 4438 rudiorem
684 4388 773 4438 artem
797 4383 942 4450 Varronis,
971 4382 1077 4437 maiore
1105 4382 1247 4452 elegantia

138 4441 379 4527 symmtehisinorum
394 4471 549 4540 alogiorum
559 4473 733 4542 compensari
748 4475 905 4541 temporum
921 4487 1034 4526 suorum
1047 4471 1245 4525 humilitatem.

178 4559 209 4601 ”a
225 4574 364 4616 mrscaucrr
384 4579 516 4614 oevscvne
541 4581 580 4614 ιιι.
1000 4567 1033 4613 33
