<?xml version="1.0" encoding="UTF-8"?>
<!DOCTYPE html PUBLIC "-//W3C//DTD XHTML 1.0 Transitional//EN"
    "http://www.w3.org/TR/xhtml1/DTD/xhtml1-transitional.dtd">
<html xmlns="http://www.w3.org/1999/xhtml" xml:lang="en" lang="en">
 <head>
  <title>
</title>
<meta http-equiv="Content-Type" content="text/html;charset=utf-8" />
  <meta name='ocr-system' content='tesseract 3.04.00' />
  <meta name='ocr-capabilities' content='ocr_page ocr_carea ocr_par ocr_line ocrx_word'/>
</head>
<body>
  <div class='ocr_page' id='page_1' title='image "./fridericiritsch02ritsgoog_0315.png"; bbox 0 0 2956 5018; ppageno 0'>
   <div class='ocr_carea' id='block_1_1' title="bbox 177 313 912 379">
    <p class='ocr_par' dir='ltr' id='par_1_1' title="bbox 177 313 912 379">
     <span class='ocr_line' id='line_1_1' title="bbox 177 313 912 379; baseline -0.007 -1"><span class='ocrx_word' id='word_1_1' title='bbox 177 313 243 379; x_wconf 79' lang='grc'>284</span> <span class='ocrx_word' id='word_1_2' title='bbox 585 328 633 374; x_wconf 82' lang='lat' dir='ltr'>nu</span> <span class='ocrx_word' id='word_1_3' title='bbox 657 326 912 374; x_wconf 75' lang='lat' dir='ltr'>aununsmouu</span> 
     </span>
    </p>
   </div>
   <div class='ocr_carea' id='block_1_2' title="bbox 112 468 1359 4506">
    <p class='ocr_par' dir='ltr' id='par_1_2' title="bbox 177 468 1332 555">
     <span class='ocr_line' id='line_1_2' title="bbox 177 468 1332 555; baseline 0.002 -20"><span class='ocrx_word' id='word_1_4' title='bbox 177 472 318 538; x_wconf 89' lang='lat' dir='ltr'>lectitati</span> <span class='ocrx_word' id='word_1_5' title='bbox 346 474 380 536; x_wconf 88' lang='lat' dir='ltr'>et</span> <span class='ocrx_word' id='word_1_6' title='bbox 408 470 561 554; x_wconf 74' lang='lat' dir='ltr'>descripti</span> <span class='ocrx_word' id='word_1_7' title='bbox 585 469 664 554; x_wconf 87' lang='lat' dir='ltr'>sint,</span> <span class='ocrx_word' id='word_1_8' title='bbox 692 469 799 534; x_wconf 84' lang='lat' dir='ltr'>evenit</span> <span class='ocrx_word' id='word_1_9' title='bbox 822 473 858 533; x_wconf 91' lang='lat' dir='ltr'>ut</span> <span class='ocrx_word' id='word_1_10' title='bbox 882 468 1027 533; x_wconf 88' lang='lat' dir='ltr'>codicum</span> <span class='ocrx_word' id='word_1_11' title='bbox 1050 491 1128 535; x_wconf 89' lang='lat' dir='ltr'>mss.</span> <span class='ocrx_word' id='word_1_12' title='bbox 1151 492 1261 555; x_wconf 87' lang='lat' dir='ltr'>paene</span> <span class='ocrx_word' id='word_1_13' title='bbox 1284 471 1332 537; x_wconf 87' lang='lat' dir='ltr'>in·</span> 
     </span>
    </p>

    <p class='ocr_par' dir='ltr' id='par_1_3' title="bbox 151 576 1359 1944">
     <span class='ocr_line' id='line_1_3' title="bbox 151 576 1333 663; baseline -0.001 -19"><span class='ocrx_word' id='word_1_14' title='bbox 151 579 273 645; x_wconf 65' lang='lat' dir='ltr'>nfinita</span> <span class='ocrx_word' id='word_1_15' title='bbox 295 576 471 643; x_wconf 87' lang='lat' dir='ltr'>multitudo</span> <span class='ocrx_word' id='word_1_16' title='bbox 494 577 653 662; x_wconf 82' lang='lat' dir='ltr'>hodieque</span> <span class='ocrx_word' id='word_1_17' title='bbox 676 581 791 642; x_wconf 85' lang='lat' dir='ltr'>exstet.</span> <span class='ocrx_word' id='word_1_18' title='bbox 824 576 958 640; x_wconf 79' lang='lat' dir='ltr'>Praeter</span> <span class='ocrx_word' id='word_1_19' title='bbox 976 598 1031 642; x_wconf 87' lang='lat' dir='ltr'>eos</span> <span class='ocrx_word' id='word_1_20' title='bbox 1050 581 1172 662; x_wconf 78' lang='grc'>81118111,</span> <span class='ocrx_word' id='word_1_21' title='bbox 1191 600 1333 663; x_wconf 85' lang='lat' dir='ltr'>quorum</span> 
     </span>
     <span class='ocr_line' id='line_1_4' title="bbox 179 684 1332 772; baseline -0.002 -20"><span class='ocrx_word' id='word_1_22' title='bbox 179 710 195 752; x_wconf 93' lang='lat' dir='ltr'>e</span> <span class='ocrx_word' id='word_1_23' title='bbox 219 687 298 751; x_wconf 89' lang='lat' dir='ltr'>solis</span> <span class='ocrx_word' id='word_1_24' title='bbox 326 685 596 750; x_wconf 72' lang='lat' dir='ltr'>bibliothecarum</span> <span class='ocrx_word' id='word_1_25' title='bbox 620 685 779 750; x_wconf 90' lang='lat' dir='ltr'>indicibus</span> <span class='ocrx_word' id='word_1_26' title='bbox 802 684 920 750; x_wconf 89' lang='lat' dir='ltr'>notitia</span> <span class='ocrx_word' id='word_1_27' title='bbox 943 687 1078 769; x_wconf 90' lang='lat' dir='ltr'>petitur,</span> <span class='ocrx_word' id='word_1_28' title='bbox 1109 707 1172 750; x_wconf 91' lang='lat' dir='ltr'>nos</span> <span class='ocrx_word' id='word_1_29' title='bbox 1195 684 1332 772; x_wconf 84' lang='lat' dir='ltr'>quidem</span> 
     </span>
     <span class='ocr_line' id='line_1_5' title="bbox 177 791 1331 875; baseline 0.001 -18"><span class='ocrx_word' id='word_1_30' title='bbox 177 814 262 857; x_wconf 92' lang='lat' dir='ltr'>nunc</span> <span class='ocrx_word' id='word_1_31' title='bbox 284 791 360 856; x_wconf 92' lang='lat' dir='ltr'>illos</span> <span class='ocrx_word' id='word_1_32' title='bbox 384 813 509 875; x_wconf 92' lang='lat' dir='ltr'>quoque</span> <span class='ocrx_word' id='word_1_33' title='bbox 532 791 835 875; x_wconf 78' lang='lat' dir='ltr'>praetermittimus,</span> <span class='ocrx_word' id='word_1_34' title='bbox 863 791 969 875; x_wconf 90' lang='lat' dir='ltr'>siqui</span> <span class='ocrx_word' id='word_1_35' title='bbox 993 815 1013 857; x_wconf 91' lang='lat' dir='ltr'>a</span> <span class='ocrx_word' id='word_1_36' title='bbox 1037 793 1202 859; x_wconf 87' lang='lat' dir='ltr'>veteribus</span> <span class='ocrx_word' id='word_1_37' title='bbox 1228 792 1331 858; x_wconf 76' lang='lat' dir='ltr'>edito</span> 
     </span>
     <span class='ocr_line' id='line_1_6' title="bbox 177 898 1359 984; baseline -0.001 -19"><span class='ocrx_word' id='word_1_38' title='bbox 177 900 268 965; x_wconf 91' lang='lat' dir='ltr'>ribus</span> <span class='ocrx_word' id='word_1_39' title='bbox 301 898 450 982; x_wconf 90' lang='lat' dir='ltr'>usurpati</span> <span class='ocrx_word' id='word_1_40' title='bbox 481 918 540 963; x_wconf 91' lang='lat' dir='ltr'>nec</span> <span class='ocrx_word' id='word_1_41' title='bbox 572 898 727 982; x_wconf 82' lang='lat' dir='ltr'>descripti</span> <span class='ocrx_word' id='word_1_42' title='bbox 759 898 952 982; x_wconf 79' lang='lat' dir='ltr'>accuratius,</span> <span class='ocrx_word' id='word_1_43' title='bbox 989 920 1027 963; x_wconf 86' lang='lat' dir='ltr'>ac</span> <span class='ocrx_word' id='word_1_44' title='bbox 1058 922 1100 964; x_wconf 90' lang='lat' dir='ltr'>ne</span> <span class='ocrx_word' id='word_1_45' title='bbox 1132 899 1359 984; x_wconf 80' lang='lat' dir='ltr'>singillatim&#39;</span> 
     </span>
     <span class='ocr_line' id='line_1_7' title="bbox 179 1002 1330 1091; baseline 0 -19"><span class='ocrx_word' id='word_1_46' title='bbox 179 1005 350 1072; x_wconf 90' lang='lat' dir='ltr'>memorati</span> <span class='ocrx_word' id='word_1_47' title='bbox 380 1004 509 1091; x_wconf 89' lang='lat' dir='ltr'>quidem</span> <span class='ocrx_word' id='word_1_48' title='bbox 537 1005 611 1069; x_wconf 90' lang='lat' dir='ltr'>sint.</span> <span class='ocrx_word' id='word_1_49' title='bbox 656 1002 742 1069; x_wconf 88' lang='lat' dir='ltr'>Nam</span> <span class='ocrx_word' id='word_1_50' title='bbox 771 1003 905 1069; x_wconf 90' lang='lat' dir='ltr'>omnino</span> <span class='ocrx_word' id='word_1_51' title='bbox 933 1008 1023 1069; x_wconf 91' lang='lat' dir='ltr'>totus</span> <span class='ocrx_word' id='word_1_52' title='bbox 1051 1004 1106 1069; x_wconf 93' lang='lat' dir='ltr'>hic</span> <span class='ocrx_word' id='word_1_53' title='bbox 1135 1004 1243 1089; x_wconf 89' lang='lat' dir='ltr'>locus,</span> <span class='ocrx_word' id='word_1_54' title='bbox 1273 1006 1330 1091; x_wconf 89' lang='lat' dir='ltr'>qai</span> 
     </span>
     <span class='ocr_line' id='line_1_8' title="bbox 179 1109 1329 1196; baseline 0 -18"><span class='ocrx_word' id='word_1_55' title='bbox 179 1118 229 1179; x_wconf 89' lang='lat' dir='ltr'>cst</span> <span class='ocrx_word' id='word_1_56' title='bbox 252 1113 291 1177; x_wconf 93' lang='lat' dir='ltr'>de</span> <span class='ocrx_word' id='word_1_57' title='bbox 314 1111 460 1176; x_wconf 83' lang='lat' dir='ltr'>fontibus</span> <span class='ocrx_word' id='word_1_58' title='bbox 479 1115 512 1175; x_wconf 92' lang='lat' dir='ltr'>et</span> <span class='ocrx_word' id='word_1_59' title='bbox 530 1109 788 1175; x_wconf 85' lang='lat' dir='ltr'>successionibus</span> <span class='ocrx_word' id='word_1_60' title='bbox 807 1111 992 1196; x_wconf 87' lang='lat' dir='ltr'>mutuisque</span> <span class='ocrx_word' id='word_1_61' title='bbox 1011 1111 1195 1176; x_wconf 86' lang='lat' dir='ltr'>rationibus</span> <span class='ocrx_word' id='word_1_62' title='bbox 1216 1116 1252 1177; x_wconf 88' lang='lat' dir='ltr'>et</span> <span class='ocrx_word' id='word_1_63' title='bbox 1268 1135 1329 1178; x_wconf 87' lang='lat' dir='ltr'>usu</span> 
     </span>
     <span class='ocr_line' id='line_1_9' title="bbox 180 1216 1329 1305; baseline -0.001 -20"><span class='ocrx_word' id='word_1_64' title='bbox 180 1220 386 1305; x_wconf 86' lang='lat' dir='ltr'>antiquarum</span> <span class='ocrx_word' id='word_1_65' title='bbox 409 1218 552 1284; x_wconf 83' lang='lat' dir='ltr'>Terentii</span> <span class='ocrx_word' id='word_1_66' title='bbox 580 1217 772 1299; x_wconf 88' lang='lat' dir='ltr'>editionum,</span> <span class='ocrx_word' id='word_1_67' title='bbox 804 1220 895 1299; x_wconf 89' lang='lat' dir='ltr'>patet</span> <span class='ocrx_word' id='word_1_68' title='bbox 924 1216 1028 1282; x_wconf 86' lang='lat' dir='ltr'>adhuc</span> <span class='ocrx_word' id='word_1_69' title='bbox 1058 1218 1186 1282; x_wconf 89' lang='lat' dir='ltr'>curioso</span> <span class='ocrx_word' id='word_1_70' title='bbox 1210 1218 1329 1303; x_wconf 90' lang='lat' dir='ltr'>studio,</span> 
     </span>
     <span class='ocr_line' id='line_1_10' title="bbox 179 1322 1328 1408; baseline 0.002 -17"><span class='ocrx_word' id='word_1_71' title='bbox 179 1350 216 1392; x_wconf 90' lang='lat' dir='ltr'>ac</span> <span class='ocrx_word' id='word_1_72' title='bbox 240 1327 293 1391; x_wconf 84' lang='lat' dir='ltr'>vix</span> <span class='ocrx_word' id='word_1_73' title='bbox 316 1325 516 1391; x_wconf 87' lang='lat' dir='ltr'>tenuissimis</span> <span class='ocrx_word' id='word_1_74' title='bbox 540 1323 733 1408; x_wconf 90' lang='lat' dir='ltr'>quibusdam</span> <span class='ocrx_word' id='word_1_75' title='bbox 752 1322 804 1387; x_wconf 88' lang='lat' dir='ltr'>Fr.</span> <span class='ocrx_word' id='word_1_76' title='bbox 818 1322 913 1388; x_wconf 91' lang='lat' dir='ltr'>Harii</span> <span class='ocrx_word' id='word_1_77' title='bbox 932 1330 965 1388; x_wconf 93' lang='lat' dir='ltr'>et</span> <span class='ocrx_word' id='word_1_78' title='bbox 978 1322 1201 1389; x_wconf 85' lang='lat' dir='ltr'>Westerhovii</span> <span class='ocrx_word' id='word_1_79' title='bbox 1224 1325 1328 1393; x_wconf 85' lang='lat' dir='ltr'>initiis</span> 
     </span>
     <span class='ocr_line' id='line_1_11' title="bbox 180 1427 1325 1517; baseline -0.001 -19"><span class='ocrx_word' id='word_1_80' title='bbox 180 1433 313 1498; x_wconf 89' lang='lat' dir='ltr'>tractari</span> <span class='ocrx_word' id='word_1_81' title='bbox 337 1435 472 1516; x_wconf 89' lang='lat' dir='ltr'>coeptus</span> <span class='ocrx_word' id='word_1_82' title='bbox 496 1434 554 1496; x_wconf 88' lang='lat' dir='ltr'>est.</span> <span class='ocrx_word' id='word_1_83' title='bbox 601 1427 649 1494; x_wconf 78' lang='lat' dir='ltr'>Cf.</span> <span class='ocrx_word' id='word_1_84' title='bbox 672 1429 766 1494; x_wconf 88' lang='lat' dir='ltr'>Harii</span> <span class='ocrx_word' id='word_1_85' title='bbox 789 1429 935 1494; x_wconf 86' lang='lat' dir='ltr'>Addend.</span> <span class='ocrx_word' id='word_1_86' title='bbox 959 1453 989 1514; x_wconf 88' lang='lat' dir='ltr'>p.</span> <span class='ocrx_word' id='word_1_87' title='bbox 1013 1431 1057 1496; x_wconf 82' lang='lat'>95</span> <span class='ocrx_word' id='word_1_88' title='bbox 1072 1454 1143 1517; x_wconf 89' lang='lat' dir='ltr'>sqq.</span> <span class='ocrx_word' id='word_1_89' title='bbox 1167 1431 1325 1498; x_wconf 89' lang='lat' dir='ltr'>eiusdem-</span> 
     </span>
     <span class='ocr_line' id='line_1_12' title="bbox 180 1536 1326 1625; baseline 0.001 -21"><span class='ocrx_word' id='word_1_90' title='bbox 180 1563 242 1625; x_wconf 90' lang='lat' dir='ltr'>que</span> <span class='ocrx_word' id='word_1_91' title='bbox 273 1545 306 1604; x_wconf 94' lang='lat' dir='ltr'>et</span> <span class='ocrx_word' id='word_1_92' title='bbox 328 1538 551 1604; x_wconf 83' lang='lat' dir='ltr'>Westerhovii</span> <span class='ocrx_word' id='word_1_93' title='bbox 580 1537 690 1621; x_wconf 86' lang='lat' dir='ltr'>praeff.</span> <span class='ocrx_word' id='word_1_94' title='bbox 721 1542 754 1602; x_wconf 90' lang='lat' dir='ltr'>et</span> <span class='ocrx_word' id='word_1_95' title='bbox 783 1537 863 1603; x_wconf 87' lang='lat' dir='ltr'>addc</span> <span class='ocrx_word' id='word_1_96' title='bbox 890 1536 972 1603; x_wconf 87' lang='lat' dir='ltr'>Nov.</span> <span class='ocrx_word' id='word_1_97' title='bbox 1002 1539 1120 1604; x_wconf 85' lang='lat' dir='ltr'>Annal.</span> <span class='ocrx_word' id='word_1_98' title='bbox 1148 1538 1264 1623; x_wconf 92' lang='lat' dir='ltr'>philol.</span> <span class='ocrx_word' id='word_1_99' title='bbox 1293 1543 1326 1605; x_wconf 87' lang='lat' dir='ltr'>et</span> 
     </span>
     <span class='ocr_line' id='line_1_13' title="bbox 180 1641 1325 1732; baseline 0.002 -22"><span class='ocrx_word' id='word_1_100' title='bbox 180 1645 316 1732; x_wconf 84' lang='lat' dir='ltr'>paedag.</span> <span class='ocrx_word' id='word_1_101' title='bbox 340 1643 450 1727; x_wconf 84' lang='lat' dir='ltr'>Suppl.</span> <span class='ocrx_word' id='word_1_102' title='bbox 473 1641 521 1706; x_wconf 91' lang='lat' dir='ltr'>IV</span> <span class='ocrx_word' id='word_1_103' title='bbox 544 1665 575 1726; x_wconf 91' lang='lat' dir='ltr'>p.</span> <span class='ocrx_word' id='word_1_104' title='bbox 594 1643 660 1708; x_wconf 81' lang='grc'>325</span> <span class='ocrx_word' id='word_1_105' title='bbox 670 1667 739 1729; x_wconf 95' lang='lat' dir='ltr'>sqq.</span> <span class='ocrx_word' id='word_1_106' title='bbox 787 1642 848 1708; x_wconf 83' lang='lat' dir='ltr'>Sed</span> <span class='ocrx_word' id='word_1_107' title='bbox 871 1666 1009 1728; x_wconf 90' lang='lat' dir='ltr'>quorum</span> <span class='ocrx_word' id='word_1_108' title='bbox 1032 1647 1074 1711; x_wconf 92' lang='lat' dir='ltr'>ab</span> <span class='ocrx_word' id='word_1_109' title='bbox 1098 1646 1180 1730; x_wconf 89' lang='lat' dir='ltr'>ipsis</span> <span class='ocrx_word' id='word_1_110' title='bbox 1203 1646 1325 1713; x_wconf 86' lang='lat' dir='ltr'>criticis</span> 
     </span>
     <span class='ocr_line' id='line_1_14' title="bbox 180 1749 1324 1836; baseline 0 -16"><span class='ocrx_word' id='word_1_111' title='bbox 180 1754 302 1820; x_wconf 89' lang='lat' dir='ltr'>mentio</span> <span class='ocrx_word' id='word_1_112' title='bbox 334 1753 386 1836; x_wconf 92' lang='lat' dir='ltr'>fit,</span> <span class='ocrx_word' id='word_1_113' title='bbox 419 1772 530 1815; x_wconf 89' lang='lat' dir='ltr'>eorum</span> <span class='ocrx_word' id='word_1_114' title='bbox 563 1771 659 1834; x_wconf 88' lang='lat' dir='ltr'>quam</span> <span class='ocrx_word' id='word_1_115' title='bbox 692 1749 899 1833; x_wconf 89' lang='lat' dir='ltr'>paucissimis</span> <span class='ocrx_word' id='word_1_116' title='bbox 932 1753 1039 1818; x_wconf 85' lang='lat' dir='ltr'>verbis</span> <span class='ocrx_word' id='word_1_117' title='bbox 1071 1752 1157 1820; x_wconf 91' lang='lat' dir='ltr'>huno</span> <span class='ocrx_word' id='word_1_118' title='bbox 1183 1753 1324 1820; x_wconf 86' lang='lat' dir='ltr'>indicem</span> 
     </span>
     <span class='ocr_line' id='line_1_15' title="bbox 181 1860 599 1944; baseline -0.01 -18"><span class='ocrx_word' id='word_1_119' title='bbox 181 1860 324 1944; x_wconf 88' lang='lat' dir='ltr'>accipite.</span> <span class='ocrx_word' id='word_1_120' title='bbox 597 1900 599 1904; x_wconf 94' lang='lat'>-</span> 
     </span>
    </p>

    <p class='ocr_par' dir='ltr' id='par_1_4' title="bbox 175 1960 1326 3119">
     <span class='ocr_line' id='line_1_16' title="bbox 269 1960 1324 2054; baseline 0.004 -24"><span class='ocrx_word' id='word_1_121' title='bbox 269 1966 427 2043; x_wconf 86' lang='lat' dir='ltr'>Quattuor</span> <span class='ocrx_word' id='word_1_122' title='bbox 462 1964 509 2030; x_wconf 93' lang='lat' dir='ltr'>Io.</span> <span class='ocrx_word' id='word_1_123' title='bbox 541 1964 654 2028; x_wconf 81' lang='lat' dir='ltr'>Rivius</span> <span class='ocrx_word' id='word_1_124' title='bbox 691 1963 725 2028; x_wconf 93' lang='lat' dir='ltr'>in</span> <span class='ocrx_word' id='word_1_125' title='bbox 758 1960 1040 2047; x_wconf 68' lang='lat' dir='ltr'>castigationibus</span> <span class='ocrx_word' id='word_1_126' title='bbox 1072 1963 1190 2053; x_wconf 81' lang='lat' dir='ltr'>(Lugd.</span> <span class='ocrx_word' id='word_1_127' title='bbox 1226 1966 1324 2054; x_wconf 84' lang='grc'>1538)</span> 
     </span>
     <span class='ocr_line' id='line_1_17' title="bbox 179 2070 1323 2157; baseline 0.001 -18"><span class='ocrx_word' id='word_1_128' title='bbox 179 2072 366 2157; x_wconf 89' lang='lat' dir='ltr'>usurpavit,</span> <span class='ocrx_word' id='word_1_129' title='bbox 411 2071 641 2136; x_wconf 75' lang='lat' dir='ltr'>Banaoia-nann</span> <span class='ocrx_word' id='word_1_130' title='bbox 685 2070 965 2155; x_wconf 87' lang='lat' dir='ltr'>antiquissimum,</span> <span class='ocrx_word' id='word_1_131' title='bbox 1010 2072 1323 2140; x_wconf 74' lang='lat' dir='ltr'>Hassesntciaiaaam</span> 
     </span>
     <span class='ocr_line' id='line_1_18' title="bbox 179 2176 1323 2263; baseline 0.002 -18"><span class='ocrx_word' id='word_1_132' title='bbox 179 2180 312 2245; x_wconf 88' lang='lat' dir='ltr'>membr.</span> <span class='ocrx_word' id='word_1_133' title='bbox 336 2176 503 2243; x_wconf 88' lang='lat' dir='ltr'>Bononiae</span> <span class='ocrx_word' id='word_1_134' title='bbox 531 2181 689 2263; x_wconf 79' lang='lat' dir='ltr'>emptum,</span> <span class='ocrx_word' id='word_1_135' title='bbox 721 2176 839 2242; x_wconf 81' lang='lat' dir='ltr'>Hateri</span> <span class='ocrx_word' id='word_1_136' title='bbox 867 2177 1009 2242; x_wconf 88' lang='lat' dir='ltr'>codicem</span> <span class='ocrx_word' id='word_1_137' title='bbox 1038 2201 1058 2242; x_wconf 86' lang='lat' dir='ltr'>a</span> <span class='ocrx_word' id='word_1_138' title='bbox 1080 2180 1223 2246; x_wconf 64' lang='lat' dir='ltr'>hisistere</span> <span class='ocrx_word' id='word_1_139' title='bbox 1249 2181 1323 2246; x_wconf 75' lang='lat' dir='ltr'>mis</span> 
     </span>
     <span class='ocr_line' id='line_1_19' title="bbox 178 2282 1324 2370; baseline 0.002 -18"><span class='ocrx_word' id='word_1_140' title='bbox 178 2310 264 2370; x_wconf 88' lang='lat' dir='ltr'>sum,</span> <span class='ocrx_word' id='word_1_141' title='bbox 296 2284 335 2349; x_wconf 91' lang='lat' dir='ltr'>D.</span> <span class='ocrx_word' id='word_1_142' title='bbox 358 2284 487 2350; x_wconf 89' lang='lat' dir='ltr'>Nicolai</span> <span class='ocrx_word' id='word_1_143' title='bbox 509 2284 748 2367; x_wconf 73' lang='lat' dir='ltr'>Friberpcascm.</span> <span class='ocrx_word' id='word_1_144' title='bbox 794 2282 866 2348; x_wconf 86' lang='lat' dir='ltr'>Vid.</span> <span class='ocrx_word' id='word_1_145' title='bbox 890 2282 977 2348; x_wconf 88' lang='lat' dir='ltr'>Rivii</span> <span class='ocrx_word' id='word_1_146' title='bbox 1000 2285 1103 2368; x_wconf 84' lang='lat' dir='ltr'>praef.</span> <span class='ocrx_word' id='word_1_147' title='bbox 1124 2286 1159 2352; x_wconf 91' lang='lat' dir='ltr'>in</span> <span class='ocrx_word' id='word_1_148' title='bbox 1182 2287 1324 2354; x_wconf 82' lang='lat' dir='ltr'>editione</span> 
     </span>
     <span class='ocr_line' id='line_1_20' title="bbox 179 2388 1325 2481; baseline 0.003 -22"><span class='ocrx_word' id='word_1_149' title='bbox 179 2393 342 2479; x_wconf 80' lang='lat' dir='ltr'>Bergiana</span> <span class='ocrx_word' id='word_1_150' title='bbox 366 2415 393 2457; x_wconf 88' lang='lat' dir='ltr'>a.</span> <span class='ocrx_word' id='word_1_151' title='bbox 420 2392 506 2457; x_wconf 82' lang='grc'>1574</span> <span class='ocrx_word' id='word_1_152' title='bbox 528 2415 558 2476; x_wconf 93' lang='lat' dir='ltr'>p.</span> <span class='ocrx_word' id='word_1_153' title='bbox 577 2392 639 2456; x_wconf 84' lang='grc'>196</span> <span class='ocrx_word' id='word_1_154' title='bbox 650 2413 722 2475; x_wconf 90' lang='lat' dir='ltr'>sqq.</span> <span class='ocrx_word' id='word_1_155' title='bbox 758 2388 842 2454; x_wconf 87' lang='lat' dir='ltr'>Item</span> <span class='ocrx_word' id='word_1_156' title='bbox 865 2395 1020 2474; x_wconf 87' lang='lat' dir='ltr'>quattuor</span> <span class='ocrx_word' id='word_1_157' title='bbox 1042 2391 1170 2459; x_wconf 86' lang='lat' dir='ltr'>Murato</span> <span class='ocrx_word' id='word_1_158' title='bbox 1194 2391 1325 2481; x_wconf 85' lang='lat' dir='ltr'>(Venct.</span> 
     </span>
     <span class='ocr_line' id='line_1_21' title="bbox 181 2496 1323 2588; baseline 0.001 -21"><span class='ocrx_word' id='word_1_159' title='bbox 181 2498 279 2586; x_wconf 87' lang='grc'>1555)</span> <span class='ocrx_word' id='word_1_160' title='bbox 303 2503 433 2584; x_wconf 88' lang='lat' dir='ltr'>praesto</span> <span class='ocrx_word' id='word_1_161' title='bbox 456 2499 589 2563; x_wconf 88' lang='lat' dir='ltr'>fuerunt</span> <span class='ocrx_word' id='word_1_162' title='bbox 612 2496 733 2583; x_wconf 81' lang='lat' dir='ltr'>(Schol.</span> <span class='ocrx_word' id='word_1_163' title='bbox 756 2496 840 2562; x_wconf 85' lang='lat' dir='ltr'>Eun.</span> <span class='ocrx_word' id='word_1_164' title='bbox 866 2498 946 2581; x_wconf 88' lang='lat' dir='ltr'>prol.</span> <span class='ocrx_word' id='word_1_165' title='bbox 970 2498 999 2564; x_wconf 82' lang='lat'>5.</span> <span class='ocrx_word' id='word_1_166' title='bbox 1023 2498 1063 2583; x_wconf 87' lang='lat' dir='ltr'>V,</span> <span class='ocrx_word' id='word_1_167' title='bbox 1088 2501 1118 2584; x_wconf 92' lang='lat'>8,</span> <span class='ocrx_word' id='word_1_168' title='bbox 1141 2499 1209 2588; x_wconf 79' lang='grc'>51),</span> <span class='ocrx_word' id='word_1_169' title='bbox 1240 2524 1323 2568; x_wconf 87' lang='lat' dir='ltr'>unus</span> 
     </span>
     <span class='ocr_line' id='line_1_22' title="bbox 175 2604 1325 2695; baseline -0.001 -20"><span class='ocrx_word' id='word_1_170' title='bbox 175 2630 250 2675; x_wconf 69' lang='lat' dir='ltr'>aazia</span> <span class='ocrx_word' id='word_1_171' title='bbox 273 2605 417 2695; x_wconf 84' lang='lat' dir='ltr'>(Phorm.</span> <span class='ocrx_word' id='word_1_172' title='bbox 439 2606 500 2692; x_wconf 94' lang='grc' dir='ltr'>ΙΙΙ,</span> <span class='ocrx_word' id='word_1_173' title='bbox 515 2610 544 2691; x_wconf 85' lang='grc'>2,</span> <span class='ocrx_word' id='word_1_174' title='bbox 559 2607 603 2692; x_wconf 90' lang='grc'>6),</span> <span class='ocrx_word' id='word_1_175' title='bbox 627 2605 690 2670; x_wconf 88' lang='lat' dir='ltr'>duo</span> <span class='ocrx_word' id='word_1_176' title='bbox 713 2604 931 2670; x_wconf 90' lang='lat' dir='ltr'>bibliothecae</span> <span class='ocrx_word' id='word_1_177' title='bbox 945 2605 1148 2673; x_wconf 78' lang='lat' dir='ltr'>Antonianae</span> <span class='ocrx_word' id='word_1_178' title='bbox 1168 2606 1325 2694; x_wconf 85' lang='lat' dir='ltr'>Venetae,</span> 
     </span>
     <span class='ocr_line' id='line_1_23' title="bbox 177 2709 1326 2799; baseline -0.001 -18"><span class='ocrx_word' id='word_1_179' title='bbox 177 2717 255 2782; x_wconf 90' lang='lat' dir='ltr'>olim</span> <span class='ocrx_word' id='word_1_180' title='bbox 278 2714 442 2780; x_wconf 89' lang='lat' dir='ltr'>Dominici</span> <span class='ocrx_word' id='word_1_181' title='bbox 466 2712 618 2778; x_wconf 87' lang='lat' dir='ltr'>Germani</span> <span class='ocrx_word' id='word_1_182' title='bbox 643 2711 824 2777; x_wconf 64' lang='lat' dir='ltr'>cardinalis</span> <span class='ocrx_word' id='word_1_183' title='bbox 848 2709 980 2797; x_wconf 84' lang='lat' dir='ltr'>(Heaut.</span> <span class='ocrx_word' id='word_1_184' title='bbox 999 2712 1208 2799; x_wconf 85' lang='lat'>111,1,101)‚</span> <span class='ocrx_word' id='word_1_185' title='bbox 1231 2737 1326 2799; x_wconf 90' lang='lat' dir='ltr'>quar·</span> 
     </span>
     <span class='ocr_line' id='line_1_24' title="bbox 177 2815 1325 2904; baseline -0.002 -16"><span class='ocrx_word' id='word_1_186' title='bbox 177 2828 229 2888; x_wconf 89' lang='lat' dir='ltr'>tus</span> <span class='ocrx_word' id='word_1_187' title='bbox 253 2820 411 2887; x_wconf 90' lang='lat' dir='ltr'>Bernardi</span> <span class='ocrx_word' id='word_1_188' title='bbox 429 2819 604 2885; x_wconf 69' lang='lat' dir='ltr'>Inrrnctanc&#39;</span> <span class='ocrx_word' id='word_1_189' title='bbox 628 2815 910 2902; x_wconf 76' lang='lat' dir='ltr'>(Eun.1v,7,19):</span> <span class='ocrx_word' id='word_1_190' title='bbox 933 2838 1010 2882; x_wconf 90' lang='lat' dir='ltr'>nam</span> <span class='ocrx_word' id='word_1_191' title='bbox 1033 2841 1130 2903; x_wconf 89' lang='lat' dir='ltr'>quem</span> <span class='ocrx_word' id='word_1_192' title='bbox 1153 2825 1325 2904; x_wconf 82' lang='lat' dir='ltr'>praeterea</span> 
     </span>
     <span class='ocr_line' id='line_1_25' title="bbox 179 2921 1326 3013; baseline -0.001 -19"><span class='ocrx_word' id='word_1_193' title='bbox 179 2933 337 2994; x_wconf 87' lang='lat' dir='ltr'>memorat</span> <span class='ocrx_word' id='word_1_194' title='bbox 366 2927 523 3003; x_wconf 83' lang='lat' dir='ltr'>Venetam,</span> <span class='ocrx_word' id='word_1_195' title='bbox 556 2927 732 3008; x_wconf 87' lang='lat' dir='ltr'>impressus</span> <span class='ocrx_word' id='word_1_196' title='bbox 759 2922 824 2987; x_wconf 83' lang='lat' dir='ltr'>fuit</span> <span class='ocrx_word' id='word_1_197' title='bbox 851 2921 966 3007; x_wconf 87' lang='lat' dir='ltr'>(Andr.</span> <span class='ocrx_word' id='word_1_198' title='bbox 988 2924 1018 3008; x_wconf 95' lang='lat' dir='ltr'>I,</span> <span class='ocrx_word' id='word_1_199' title='bbox 1041 2925 1072 3009; x_wconf 84' lang='lat'>5,</span> <span class='ocrx_word' id='word_1_200' title='bbox 1094 2923 1140 3013; x_wconf 85' lang='lat'>3).</span> <span class='ocrx_word' id='word_1_201' title='bbox 1186 2925 1326 2994; x_wconf 80' lang='lat' dir='ltr'>Exstitit</span> 
     </span>
     <span class='ocr_line' id='line_1_26' title="bbox 176 3029 1324 3119; baseline 0 -19"><span class='ocrx_word' id='word_1_202' title='bbox 176 3058 262 3100; x_wconf 90' lang='lat' dir='ltr'>nunc</span> <span class='ocrx_word' id='word_1_203' title='bbox 276 3035 419 3099; x_wconf 88' lang='lat' dir='ltr'>Faernus</span> <span class='ocrx_word' id='word_1_204' title='bbox 434 3031 534 3119; x_wconf 86' lang='lat' dir='ltr'>(Flor.</span> <span class='ocrx_word' id='word_1_205' title='bbox 547 3029 656 3114; x_wconf 86' lang='grc'>1565),</span> <span class='ocrx_word' id='word_1_206' title='bbox 680 3052 700 3094; x_wconf 91' lang='lat' dir='ltr'>a</span> <span class='ocrx_word' id='word_1_207' title='bbox 722 3052 785 3113; x_wconf 92' lang='lat' dir='ltr'>quo</span> <span class='ocrx_word' id='word_1_208' title='bbox 808 3031 1002 3096; x_wconf 90' lang='lat' dir='ltr'>nominatim</span> <span class='ocrx_word' id='word_1_209' title='bbox 1025 3033 1208 3098; x_wconf 82' lang='lat' dir='ltr'>afferuntur</span> <span class='ocrx_word' id='word_1_210' title='bbox 1230 3034 1324 3101; x_wconf 76' lang='lat' dir='ltr'>Besa·</span> 
     </span>
    </p>

    <p class='ocr_par' dir='ltr' id='par_1_5' title="bbox 112 3135 1350 4506">
     <span class='ocr_line' id='line_1_27' title="bbox 112 3135 1326 3225; baseline 0 -18"><span class='ocrx_word' id='word_1_211' title='bbox 112 3195 122 3225; x_wconf 86' lang='lat'>,</span> <span class='ocrx_word' id='word_1_212' title='bbox 176 3144 266 3207; x_wconf 78' lang='lat' dir='ltr'>hinne</span> <span class='ocrx_word' id='word_1_213' title='bbox 289 3141 344 3205; x_wconf 93' lang='lat' dir='ltr'>ille</span> <span class='ocrx_word' id='word_1_214' title='bbox 367 3162 451 3205; x_wconf 90' lang='lat' dir='ltr'>nunc</span> <span class='ocrx_word' id='word_1_215' title='bbox 471 3137 688 3204; x_wconf 85' lang='lat' dir='ltr'>bibliothecae</span> <span class='ocrx_word' id='word_1_216' title='bbox 703 3135 891 3222; x_wconf 86' lang='lat' dir='ltr'>Vaticanae,</span> <span class='ocrx_word' id='word_1_217' title='bbox 914 3145 1038 3224; x_wconf 86' lang='lat' dir='ltr'>quarto,</span> <span class='ocrx_word' id='word_1_218' title='bbox 1061 3145 1098 3206; x_wconf 91' lang='lat' dir='ltr'>ut</span> <span class='ocrx_word' id='word_1_219' title='bbox 1120 3140 1219 3206; x_wconf 89' lang='lat' dir='ltr'>nobis</span> <span class='ocrx_word' id='word_1_220' title='bbox 1241 3141 1326 3207; x_wconf 85' lang='lat' dir='ltr'>vidc-</span> 
     </span>
     <span class='ocr_line' id='line_1_28' title="bbox 145 3243 1324 3333; baseline -0.001 -19"><span class='ocrx_word' id='word_1_221' title='bbox 145 3254 149 3261; x_wconf 88' lang='lat'>&#39;</span> <span class='ocrx_word' id='word_1_222' title='bbox 177 3254 239 3333; x_wconf 91' lang='lat' dir='ltr'>tur,</span> <span class='ocrx_word' id='word_1_223' title='bbox 263 3247 391 3314; x_wconf 89' lang='lat' dir='ltr'>saeculo</span> <span class='ocrx_word' id='word_1_224' title='bbox 414 3245 536 3311; x_wconf 88' lang='lat' dir='ltr'>litteris</span> <span class='ocrx_word' id='word_1_225' title='bbox 561 3243 728 3330; x_wconf 89' lang='lat' dir='ltr'>quadratis</span> <span class='ocrx_word' id='word_1_226' title='bbox 752 3244 902 3328; x_wconf 87' lang='lat' dir='ltr'>scriptus,</span> <span class='ocrx_word' id='word_1_227' title='bbox 926 3246 994 3310; x_wconf 91' lang='lat' dir='ltr'>sine</span> <span class='ocrx_word' id='word_1_228' title='bbox 1012 3247 1080 3312; x_wconf 87' lang='lat' dir='ltr'>ulla</span> <span class='ocrx_word' id='word_1_229' title='bbox 1099 3248 1324 3314; x_wconf 81' lang='lat' dir='ltr'>controversia</span> 
     </span>
     <span class='ocr_line' id='line_1_29' title="bbox 177 3350 1326 3440; baseline 0.001 -20"><span class='ocrx_word' id='word_1_230' title='bbox 177 3355 341 3440; x_wconf 90' lang='lat' dir='ltr'>antiquior</span> <span class='ocrx_word' id='word_1_231' title='bbox 369 3352 512 3419; x_wconf 89' lang='lat' dir='ltr'>Medioeo</span> <span class='ocrx_word' id='word_1_232' title='bbox 536 3350 740 3437; x_wconf 84' lang='lat' dir='ltr'>Vergiliano:</span> <span class='ocrx_word' id='word_1_233' title='bbox 778 3351 947 3417; x_wconf 80' lang='lat' dir='ltr'>Vaticanus</span> <span class='ocrx_word' id='word_1_234' title='bbox 978 3351 1066 3417; x_wconf 85' lang='lat' dir='ltr'>haud</span> <span class='ocrx_word' id='word_1_235' title='bbox 1098 3354 1167 3419; x_wconf 85' lang='lat' dir='ltr'>fere</span> <span class='ocrx_word' id='word_1_236' title='bbox 1201 3355 1326 3421; x_wconf 88' lang='lat' dir='ltr'>minore</span> 
     </span>
     <span class='ocr_line' id='line_1_30' title="bbox 177 3457 1326 3545; baseline 0.001 -18"><span class='ocrx_word' id='word_1_237' title='bbox 177 3462 364 3527; x_wconf 87' lang='lat' dir='ltr'>celebritate</span> <span class='ocrx_word' id='word_1_238' title='bbox 388 3462 520 3545; x_wconf 88' lang='lat' dir='ltr'>propter</span> <span class='ocrx_word' id='word_1_239' title='bbox 540 3459 687 3543; x_wconf 89' lang='lat' dir='ltr'>appictas</span> <span class='ocrx_word' id='word_1_240' title='bbox 707 3457 844 3543; x_wconf 84' lang='lat' dir='ltr'>singulis</span> <span class='ocrx_word' id='word_1_241' title='bbox 864 3458 990 3523; x_wconf 87' lang='lat' dir='ltr'>scaenis</span> <span class='ocrx_word' id='word_1_242' title='bbox 1008 3481 1221 3543; x_wconf 84' lang='lat' dir='ltr'>personarum</span> <span class='ocrx_word' id='word_1_243' title='bbox 1244 3463 1326 3528; x_wconf 87' lang='lat' dir='ltr'>ima·</span> 
     </span>
     <span class='ocr_line' id='line_1_31' title="bbox 176 3564 1325 3654; baseline 0.003 -21"><span class='ocrx_word' id='word_1_244' title='bbox 176 3570 269 3654; x_wconf 84' lang='lat' dir='ltr'>gines</span> <span class='ocrx_word' id='word_1_245' title='bbox 292 3567 479 3654; x_wconf 86' lang='lat' dir='ltr'>(utrumque</span> <span class='ocrx_word' id='word_1_246' title='bbox 503 3567 590 3632; x_wconf 91' lang='lat' dir='ltr'>enim</span> <span class='ocrx_word' id='word_1_247' title='bbox 614 3565 761 3630; x_wconf 85' lang='lat' dir='ltr'>confudit</span> <span class='ocrx_word' id='word_1_248' title='bbox 784 3564 1016 3649; x_wconf 88' lang='lat' dir='ltr'>Bernhardyus</span> <span class='ocrx_word' id='word_1_249' title='bbox 1039 3565 1127 3632; x_wconf 89' lang='lat' dir='ltr'>Hist.</span> <span class='ocrx_word' id='word_1_250' title='bbox 1150 3568 1216 3633; x_wconf 81' lang='lat' dir='ltr'>litt.</span> <span class='ocrx_word' id='word_1_251' title='bbox 1230 3568 1325 3637; x_wconf 83' lang='lat' dir='ltr'>Rom</span> 
     </span>
     <span class='ocr_line' id='line_1_32' title="bbox 175 3671 1326 3760; baseline 0.003 -22"><span class='ocrx_word' id='word_1_252' title='bbox 175 3699 205 3760; x_wconf 93' lang='lat' dir='ltr'>p.</span> <span class='ocrx_word' id='word_1_253' title='bbox 231 3673 322 3759; x_wconf 82' lang='lat'>196):</span> <span class='ocrx_word' id='word_1_254' title='bbox 346 3675 512 3757; x_wconf 87' lang='lat' dir='ltr'>praeterea</span> <span class='ocrx_word' id='word_1_255' title='bbox 534 3673 747 3756; x_wconf 78' lang='lat' dir='ltr'>Basilicanns,</span> <span class='ocrx_word' id='word_1_256' title='bbox 767 3672 971 3755; x_wconf 60' lang='lat' dir='ltr'>Victorianus</span> <span class='ocrx_word' id='word_1_257' title='bbox 986 3671 1183 3740; x_wconf 80' lang='lat' dir='ltr'>Dccnrtataa.</span> <span class='ocrx_word' id='word_1_258' title='bbox 1217 3674 1326 3752; x_wconf 82' lang='lat' dir='ltr'>Quan-</span> 
     </span>
     <span class='ocr_line' id='line_1_33' title="bbox 175 3777 1326 3871; baseline 0.004 -26"><span class='ocrx_word' id='word_1_259' title='bbox 175 3802 272 3866; x_wconf 88' lang='lat' dir='ltr'>quam</span> <span class='ocrx_word' id='word_1_260' title='bbox 291 3801 356 3845; x_wconf 93' lang='lat' dir='ltr'>non</span> <span class='ocrx_word' id='word_1_261' title='bbox 376 3779 528 3864; x_wconf 83' lang='lat' dir='ltr'>exiguum</span> <span class='ocrx_word' id='word_1_262' title='bbox 547 3777 675 3842; x_wconf 80' lang='lat' dir='ltr'>videtur</span> <span class='ocrx_word' id='word_1_263' title='bbox 693 3779 793 3844; x_wconf 84' lang='lat' dir='ltr'>etiam</span> <span class='ocrx_word' id='word_1_264' title='bbox 812 3779 949 3844; x_wconf 86' lang='lat' dir='ltr'>aliorum</span> <span class='ocrx_word' id='word_1_265' title='bbox 969 3801 1139 3845; x_wconf 89' lang='lat' dir='ltr'>numerum</span> <span class='ocrx_word' id='word_1_266' title='bbox 1158 3781 1326 3871; x_wconf 87' lang='lat' dir='ltr'>habuisse,</span> 
     </span>
     <span class='ocr_line' id='line_1_34' title="bbox 174 3874 1350 3970; baseline 0.003 -18"><span class='ocrx_word' id='word_1_267' title='bbox 174 3888 240 3952; x_wconf 91' lang='lat' dir='ltr'>illis</span> <span class='ocrx_word' id='word_1_268' title='bbox 274 3886 438 3970; x_wconf 90' lang='lat' dir='ltr'>aliquanto</span> <span class='ocrx_word' id='word_1_269' title='bbox 472 3886 671 3951; x_wconf 89' lang='lat' dir='ltr'>inferiorum.</span> <span class='ocrx_word' id='word_1_270' title='bbox 720 3885 800 3951; x_wconf 93' lang='lat' dir='ltr'>Post</span> <span class='ocrx_word' id='word_1_271' title='bbox 831 3885 992 3951; x_wconf 87' lang='lat' dir='ltr'>Faernum</span> <span class='ocrx_word' id='word_1_272' title='bbox 1026 3886 1153 3951; x_wconf 90' lang='lat' dir='ltr'>codices</span> <span class='ocrx_word' id='word_1_273' title='bbox 1188 3889 1258 3954; x_wconf 87' lang='lat' dir='ltr'>auis</span> <span class='ocrx_word' id='word_1_274' title='bbox 1290 3874 1350 3955; x_wconf 44' lang='lat' dir='ltr'>in*</span> 
     </span>
     <span class='ocr_line' id='line_1_35' title="bbox 174 3989 1325 4083; baseline 0.003 -24"><span class='ocrx_word' id='word_1_275' title='bbox 174 3993 362 4060; x_wconf 86' lang='lat' dir='ltr'>Terentium</span> <span class='ocrx_word' id='word_1_276' title='bbox 395 3990 672 4078; x_wconf 79' lang='lat' dir='ltr'>Castigationibus</span> <span class='ocrx_word' id='word_1_277' title='bbox 706 3990 761 4057; x_wconf 87' lang='lat' dir='ltr'>Ge.</span> <span class='ocrx_word' id='word_1_278' title='bbox 793 3991 962 4058; x_wconf 83' lang='lat' dir='ltr'>Fabricius</span> <span class='ocrx_word' id='word_1_279' title='bbox 994 3989 1097 4078; x_wconf 88' lang='lat' dir='ltr'>(Lips.</span> <span class='ocrx_word' id='word_1_280' title='bbox 1132 3993 1235 4083; x_wconf 78' lang='grc'>1574)</span> <span class='ocrx_word' id='word_1_281' title='bbox 1268 3998 1325 4063; x_wconf 87' lang='lat' dir='ltr'>ad·</span> 
     </span>
     <span class='ocr_line' id='line_1_36' title="bbox 174 4099 1325 4186; baseline 0.003 -18"><span class='ocrx_word' id='word_1_282' title='bbox 174 4103 291 4186; x_wconf 89' lang='lat' dir='ltr'>hibuit,</span> <span class='ocrx_word' id='word_1_283' title='bbox 314 4100 498 4166; x_wconf 82' lang='lat' dir='ltr'>Palatinam</span> <span class='ocrx_word' id='word_1_284' title='bbox 520 4099 552 4164; x_wconf 95' lang='lat' dir='ltr'>h.</span> <span class='ocrx_word' id='word_1_285' title='bbox 575 4123 601 4164; x_wconf 93' lang='lat' dir='ltr'>e.</span> <span class='ocrx_word' id='word_1_286' title='bbox 625 4099 831 4183; x_wconf 87' lang='lat' dir='ltr'>Vaticanum,</span> <span class='ocrx_word' id='word_1_287' title='bbox 855 4103 888 4163; x_wconf 90' lang='lat' dir='ltr'>et</span> <span class='ocrx_word' id='word_1_288' title='bbox 910 4103 1133 4184; x_wconf 87' lang='lat' dir='ltr'>pervetustum</span> <span class='ocrx_word' id='word_1_289' title='bbox 1157 4101 1325 4172; x_wconf 72' lang='lat' dir='ltr'>Wernna</span> 
     </span>
     <span class='ocr_line' id='line_1_37' title="bbox 173 4204 1329 4297; baseline 0.001 -20"><span class='ocrx_word' id='word_1_290' title='bbox 173 4231 250 4277; x_wconf 74' lang='lat' dir='ltr'>nram</span> <span class='ocrx_word' id='word_1_291' title='bbox 273 4208 335 4291; x_wconf 92' lang='lat' dir='ltr'>(ed.</span> <span class='ocrx_word' id='word_1_292' title='bbox 359 4206 454 4291; x_wconf 81' lang='lat' dir='ltr'>Berg.</span> <span class='ocrx_word' id='word_1_293' title='bbox 477 4229 507 4290; x_wconf 92' lang='lat' dir='ltr'>p.</span> <span class='ocrx_word' id='word_1_294' title='bbox 531 4204 660 4293; x_wconf 80' lang='lat' dir='ltr'>8aqq).</span> <span class='ocrx_word' id='word_1_295' title='bbox 697 4206 779 4271; x_wconf 89' lang='lat' dir='ltr'>Item</span> <span class='ocrx_word' id='word_1_296' title='bbox 803 4206 927 4271; x_wconf 88' lang='lat' dir='ltr'>Romae</span> <span class='ocrx_word' id='word_1_297' title='bbox 951 4206 1094 4290; x_wconf 84' lang='lat' dir='ltr'>inspexit</span> <span class='ocrx_word' id='word_1_298' title='bbox 1117 4206 1329 4297; x_wconf 84' lang='lat' dir='ltr'>Bembinum,</span> 
     </span>
     <span class='ocr_line' id='line_1_38' title="bbox 174 4313 1334 4400; baseline 0.003 -17"><span class='ocrx_word' id='word_1_299' title='bbox 174 4341 214 4383; x_wconf 85' lang='lat' dir='ltr'>ex</span> <span class='ocrx_word' id='word_1_300' title='bbox 246 4337 347 4399; x_wconf 90' lang='lat' dir='ltr'>eoque</span> <span class='ocrx_word' id='word_1_301' title='bbox 379 4336 483 4398; x_wconf 90' lang='lat' dir='ltr'>pauca</span> <span class='ocrx_word' id='word_1_302' title='bbox 515 4313 687 4398; x_wconf 89' lang='lat' dir='ltr'>adscripsit</span> <span class='ocrx_word' id='word_1_303' title='bbox 718 4313 877 4397; x_wconf 88' lang='lat' dir='ltr'>impresso</span> <span class='ocrx_word' id='word_1_304' title='bbox 910 4314 1072 4398; x_wconf 80' lang='lat' dir='ltr'>exemplo,</span> <span class='ocrx_word' id='word_1_305' title='bbox 1108 4337 1173 4400; x_wconf 91' lang='lat' dir='ltr'>quo</span> <span class='ocrx_word' id='word_1_306' title='bbox 1207 4318 1334 4387; x_wconf 72' lang='lat' dir='ltr'>deindo</span> 
     </span>
     <span class='ocr_line' id='line_1_39' title="bbox 175 4420 1341 4506; baseline 0.004 -17"><span class='ocrx_word' id='word_1_307' title='bbox 175 4423 289 4490; x_wconf 89' lang='lat' dir='ltr'>Franc.</span> <span class='ocrx_word' id='word_1_308' title='bbox 301 4421 468 4488; x_wconf 83' lang='lat' dir='ltr'>Fabricius</span> <span class='ocrx_word' id='word_1_309' title='bbox 487 4421 521 4488; x_wconf 91' lang='lat' dir='ltr'>in</span> <span class='ocrx_word' id='word_1_310' title='bbox 535 4420 812 4487; x_wconf 83' lang='lat' dir='ltr'>Annotationihus</span> <span class='ocrx_word' id='word_1_311' title='bbox 831 4443 910 4487; x_wconf 90' lang='lat' dir='ltr'>usus</span> <span class='ocrx_word' id='word_1_312' title='bbox 928 4424 978 4486; x_wconf 90' lang='lat' dir='ltr'>est</span> <span class='ocrx_word' id='word_1_313' title='bbox 995 4425 1124 4506; x_wconf 84' lang='lat' dir='ltr'>praeter</span> <span class='ocrx_word' id='word_1_314' title='bbox 1147 4423 1232 4492; x_wconf 84' lang='lat' dir='ltr'>alios</span> <span class='ocrx_word' id='word_1_315' title='bbox 1255 4429 1341 4493; x_wconf 67' lang='lat' dir='ltr'>cres</span> 
     </span>
    </p>
   </div>
   <div class='ocr_carea' id='block_1_3' title="bbox 0 0 1482 5018">
    <p class='ocr_par' dir='ltr' id='par_1_6' title="bbox 0 0 1482 5018">
     <span class='ocr_line' id='line_1_40' title="bbox 0 0 1482 5018; baseline 0 1"><span class='ocrx_word' id='word_1_316' title='bbox 0 0 1482 5018; x_wconf 95' lang='lat' dir='ltr'> </span> 
     </span>
    </p>
   </div>
  </div>
 </body>
</html>
