2956 5018
491 40 512 58 W
541 39 681 59 ”OUUUWOW
705 39 898 75 mvavnwnw·
931 37 1115 72 avuwvmv'
1139 37 1170 53 lu
1195 37 1279 73 Ὶυυῑῑ
1303 36 1402 73 Δνυδν
1427 36 1474 76 bl(

492 102 575 165 eludi
611 100 805 165 vocabulum
841 119 912 162 curn
950 119 1010 161 nee
1047 102 1132 161 recte
1169 96 1295 160 defendi
1334 117 1432 179 posse
1463 118 1474 159 1

493 207 699 273 emendatum
722 229 742 271 a
769 225 931 289 quoquam
955 224 1025 267 esse
1053 203 1177 286 pridem
1205 201 1474 269 intellexissemus

493 315 525 379 vi
553 311 811 379 ratiocinationis
839 310 1007 375 Plinianae
1035 307 1077 372 ad
1106 309 1285 373 sententiae
1317 309 1451 393 quidem

493 421 677 486 cessitatem
707 418 794 483 ducti
823 438 981 482 essemus:
1010 419 1047 479 ut
1067 420 1242 496 Jroesentes
1269 434 1331 480 esse
1358 415 1470 498 ubique

489 530 625 610 possent,
656 525 757 590 verba
786 525 860 607 ipsa
888 522 1054 605 scriptoris
1085 522 1193 605 paullo
1227 525 1304 603 post
1330 522 1471 587 vidimus

495 631 721 697 emendatione
754 654 773 696 a
805 628 947 694 Martino
975 627 1108 692 Hertaio
1140 630 1344 711 recuperata:
1377 629 1474 712 ubique

488 743 626 822 possent,
649 738 684 802 in
708 736 867 802 Gerhardi
888 734 1009 800 Diariis
1034 734 1287 818 arehaeologicis
1311 735 1376 800 vol.
1399 733 1475 801 Vll]

495 842 594 910 Cuius
614 844 849 910 emendationis
869 846 936 907 tam
956 841 1130 906 manifesta
1148 842 1268 907 veritas
1289 846 1404 926 estut,
1429 864 1475 928 qu

495 952 535 1016 ad
554 952 702 1016 criticam
721 948 934 1014 factitandum
952 949 1075 1013 factum
1095 971 1165 1014 esse
1184 970 1347 1034 negemus.
1377 949 1472 1026 Quod

496 1056 656 1142 Silligius,
687 1077 752 1119 non
780 1055 902 1119 valebit
933 1053 995 1118 hoe
1023 1059 1149 1120 contra:
1182 1056 1238 1140 qui
1271 1057 1417 1141 quidem,
1448 1076 1475 1121 m

496 1164 642 1246 exemplo
670 1183 735 1227 uno
759 1183 776 1225 e
799 1160 924 1239 multis,
959 1161 1058 1225 etiam
1080 1162 1136 1226 lib.
1154 1161 1278 1246 XXVI,
1311 1166 1331 1241 ξ
1358 1164 1400 1228 14
1423 1166 1475 1228 tan

495 1270 594 1334 fuerit
616 1268 895 1352 ineptissimorum
918 1269 1004 1350 opert
1019 1269 1140 1350 fabros
1163 1268 1347 1351 verborum,
1375 1271 1414 1333 ut
1440 1290 1475 1353 pr

495 1377 529 1441 in
551 1374 783 1441 commentario
807 1374 846 1439 de
860 1372 1017 1439 Varronis
1033 1372 1286 1456 Disciplinarum
1306 1373 1401 1439 libris
1426 1376 1475 1458 pl

495 1506 525 1567 p.
549 1482 628 1564 399]
653 1481 888 1563 coniecturam,
924 1502 988 1565 qua
1024 1480 1115 1544 illiue
1147 1478 1387 1560 ἀποψυχριετή(
1420 1480 1471 1545 vel

495 1588 683 1668 dnopdrrnc
719 1608 900 1672 cognomen
937 1586 1137 1669 Asclepiadis
1175 1585 1289 1650 medici
1328 1587 1475 1653 eruebam

495 1697 590 1760 modo
615 1697 843 1778 contemneret,
867 1694 922 1759 sed
942 1716 982 1758 ne
1001 1696 1269 1758 commemoraret
1291 1693 1433 1777 quidem.

495 1803 530 1867 in
553 1805 741 1867 transcursu
764 1804 901 1866 tantum.

584 1907 697 1992 Ipsum
729 1906 977 1972 Hebdomadum
1013 1928 1132 1971 nomen
1168 1928 1263 1970 nemo
1300 1929 1446 1991 unquam

496 2014 575 2098 quin
599 2012 732 2078 bilibri
755 2013 830 2078 inde
853 2014 1026 2094 traxerint,
1055 2012 1140 2097 quod
1164 2013 1348 2078 inlustrium
1372 2013 1476 2079 honrir

496 2121 588 2205 gines
611 2141 677 2184 non
699 2119 882 2204 promiscue
905 2124 1138 2204 proponerent,
1168 2118 1223 2183 sed
1251 2141 1310 2202 per
1333 2120 1476 2204 eapite<

496 2250 577 2312 quae
601 2230 753 2313 septenas
776 2227 937 2313 imagines
956 2227 1256 2310 complecterentur.
1288 2226 1391 2310 Atqui
1415 2248 1476 2313 sep⁴

496 2335 654 2420 imagines
673 2335 725 2400 vel
745 2338 874 2400 centum
893 2332 1111 2399 hebdomades
1130 2331 1313 2415 quindecim
1331 2332 1427 2398 libris
1440 2354 1476 2399 cu

496 2442 728 2526 aequabilitate
751 2440 916 2525 dispertiri
938 2443 1109 2524 nequeunt.
1150 2437 1241 2523 Ergo
1269 2440 1410 2523 primum
1439 2462 1476 2526 pr
