2932 5026
269 334 334 400 598
469 349 753 397 auennlrronvn
777 348 1079 396 carucarlrssvss
1102 345 1218 397 raras.

270 492 471 559 Varronem?
508 492 630 558 Verum
658 493 692 558 in
724 493 800 576 hoe,
832 492 979 577 quumvis
1008 491 1131 575 alioqui
1166 512 1288 577 guarus
1317 491 1403 575 prisci

271 601 443 683 sermonis,
478 586 629 664 modum'
647 602 755 663 tamen
788 599 838 663 vir
870 598 1007 665 eximius
1040 598 1188 662 excessit.
1228 595 1299 662 Nec
1328 598 1404 663 enim

270 730 382 774 rerum
406 710 537 772 estnec
561 704 665 770 Varro
694 705 777 770 libro
801 705 940 789 septimo
968 704 1008 769 de
1032 705 1053 768 l.
1076 704 1134 770 lat
1157 703 1234 768 inde
1257 725 1278 768 a
1298 727 1328 788 p.
1348 705 1404 770 287

271 813 325 898 Sp.
348 817 490 879 testatur
508 811 673 896 quaelibet
691 812 764 876 loca
782 832 851 876 esse
869 812 993 895 templa
1012 811 1193 895 appellata:
1218 811 1307 897 quod
1323 831 1408 877 roes·

271 921 384 985 bulum
407 941 447 983 ne
477 918 512 982 in
540 917 691 983 liberiore
715 941 775 983 usu
803 919 932 1002 quidem
960 919 1128 1003 propriam
1155 918 1209 983 rel
1234 918 1407 984 meuses

271 1028 323 1091 vel
346 1027 463 1090 saltem
491 1025 659 1111 religionis
682 1025 849 1090 notionem
877 1047 1011 1109 prorsus
1039 1025 1198 1110 deposuit
1240 1024 1295 1090 Ab
1319 1045 1409 1111 auga

271 1134 364 1198 randi
383 1131 539 1216 religione
560 1131 708 1215 prolecta
726 1134 777 1195 est
794 1131 945 1216 frequens
964 1130 1125 1216 Lucretia,
1147 1152 1215 1196 non
1234 1131 1409 1218 infrequens

271 1239 393 1322 Ennio,
425 1237 591 1320 Terentio,
623 1236 737 1320 Accio,
770 1235 906 1301 Manilio
937 1237 1075 1319 locutio,
1106 1257 1171 1320 qua
1199 1237 1252 1301 rel
1279 1238 1410 1304 wem

272 1347 398 1430 templu,
420 1346 471 1411 rel
493 1345 570 1410 coeli
593 1345 705 1426 templo
728 1345 796 1409 sive
820 1343 1012 1428 simpliciter
1034 1342 1184 1408 dicuntur
1208 1344 1278 1409 sive
1302 1344 1410 1411 additis

272 1459 410 1532 murno,
441 1473 579 1535 ammo,
609 1452 688 1529 ullu,
722 1452 889 1535 fulgeatis,
921 1452 1037 1534 lueriis,
1073 1451 1212 1530 meua,
1247 1454 1411 1535 pesetolio

273 1560 440 1644 epithetis:
468 1564 566 1644 atque
592 1558 691 1622 etiam
715 1557 873 1642 singulari
900 1579 1034 1622 numero
1063 1557 1210 1639 ternplum
1238 1563 1412 1625 certumst

273 1671 439 1751 tamquam
469 1665 663 1730 dimetatam
689 1664 854 1749 regionem
883 1664 963 1728 caeli
996 1663 1152 1729 Manilius
1182 1663 1233 1748 Π,
1255 1665 1332 1731 354,
1353 1666 1410 1731 668

273 1773 363 1838 dixit.
396 1773 488 1838 Vnde
512 1771 617 1836 facilis
642 1771 682 1835 ad
706 1771 788 1834 talia
809 1770 969 1834 transitus
991 1769 1054 1834 fuit
1077 1770 1189 1854 qualia
1211 1777 1292 1837 sunt
1308 1771 1412 1838 Lucre·

272 1881 364 1944 tiana
387 1879 444 1943 illa
467 1879 574 1961 mopsi
596 1878 736 1942 caelestia
758 1878 869 1941 mendi
891 1877 1004 1959 ternplu
1021 1875 1061 1960 V,
1084 1878 1170 1942 1204
1194 1881 1230 1942 et
1247 1899 1413 1962 suppressa

273 1986 354 2051 caeli
382 1985 514 2050 notione
541 1986 652 2050 mendi
678 2005 826 2067 mwaum
858 1984 1003 2067 templum
1030 1981 1070 2066 V,
1095 1984 1182 2048 1436
1213 1989 1315 2069 atque
1341 1984 1413 2050 adeo

272 2093 382 2157 mundi
404 2091 551 2155 mortalia
575 2091 686 2173 temple
710 2089 846 2173 vl‚.43.
887 2087 959 2164 Quo
986 2091 1133 2172 proxime
1159 2091 1287 2157 accedit
1308 2088 1413 2156 Cicero

273 2201 307 2262 in
331 2196 464 2262 Somnio
493 2195 655 2280 Scipionis
684 2218 752 2280 cap.
777 2197 811 2279 3,
834 2198 869 2261 4:
901 2197 1038 2262 homiues
1064 2197 1147 2262 euim
1175 2203 1252 2262 suat
1278 2197 1338 2262 boc
1361 2198 1414 2280 lupe

270 2306 417 2390 peuerell,
434 2306 489 2385 qui
507 2309 663 2369 lesemter
680 2303 771 2368 illum
785 2303 908 2386 ylobrsm
926 2323 1016 2386 quem
1033 2305 1068 2367 e'n
1085 2301 1141 2368 boe
1159 2304 1272 2386 tersplo
1289 2304 1414 2369 maes

272 2414 370 2495 eides,
392 2432 470 2494 quoe
493 2415 576 2475 terra
597 2412 719 2476 datter.
755 2409 882 2475 Medius
906 2412 991 2476 inter
1012 2411 1074 2475 hoc
1096 2431 1201 2496 genus
1224 2414 1260 2475 et
1283 2411 1412 2476 alterum

273 2519 364 2583 loeus
388 2517 433 2580 eis
458 2517 612 2600 exemplis
636 2517 826 2582 tribuendus
849 2522 914 2602 est,
939 2540 1022 2603 quae
1044 2540 1110 2583 non
1133 2519 1286 2584 seiuncta
1309 2541 1329 2607 a
1350 2539 1412 2601 spe·

274 2625 394 2690 tiorum
414 2624 613 2709 cogitatione
632 2624 727 2689 simul
746 2625 889 2689 iunctam
907 2625 1030 2689 habeut
1047 2625 1217 2690 numinum
1236 2624 1410 2690 divinorum

274 2733 454 2809 notionem,
483 2736 519 2795 ut
541 2752 657 2814 empne
679 2733 792 2813 teorprlo
814 2732 957 2796 caelitum
980 2732 1065 2814 apud
1088 2731 1234 2796 Ennium
1258 2734 1294 2796 et
1316 2732 1412 2816 singu·

274 2839 387 2903 lariter
411 2838 495 2921 apud
519 2835 654 2901 Accium
684 2839 831 2921 leurplum
857 2839 1011 2903 coelitum:
1042 2839 1093 2902 cui
1121 2839 1263 2902 maxime
1293 2838 1413 2922 propin·

275 2967 373 3028 quum
401 2967 460 3028 pro
484 2945 572 3009 eaelo
600 2945 744 3028 positum
772 2947 916 3028 waplam
943 2966 1091 3027 stupeum
1113 2945 1200 3010 Ioles
1226 2946 1413 3010 detenentia

240 3064 247 3077 ·
274 3052 308 3114 in
341 3051 525 3115 Annalibus
558 3051 658 3116 Ennii
691 3075 719 3115 v.
747 3052 822 3117 531.
872 3051 987 3135 ltaque
1020 3049 1060 3114 ud
1092 3054 1255 3117 certorum
1289 3053 1414 3118 deorum

274 3179 429 3239 personas
458 3161 564 3222 cetera
596 3180 722 3244 quoque
751 3159 797 3223 sio
825 3159 1009 3222 referuntur
1035 3161 1071 3222 ut
1103 3157 1237 3222 sociatis
1271 3161 1356 3223 inter
1386 3181 1415 3221 ss

274 3263 443 3347 religionis
481 3270 577 3349 atque
615 3265 799 3331 sanctitatis
837 3264 1025 3330 notionibus
1056 3265 1078 3327 'a
1113 3263 1242 3348 vulgari
1277 3266 1416 3347 tenrplues

276 3371 365 3435 vocis
388 3392 448 3434 usu
472 3371 606 3436 minimo
630 3373 801 3436 intervallo
825 3372 954 3436 distent.
991 3369 1060 3434 Nec
1079 3370 1174 3452 enim,
1198 3374 1235 3435 ut
1259 3372 1418 3452 caelestia,

200 3496 261 3538 vm
275 3477 324 3542 ita
349 3478 448 3542 etiam
471 3478 522 3543 uel
546 3477 673 3542 marina
697 3479 747 3542 vel
770 3477 971 3542 inferna·vel
995 3475 1163 3541 terrestria
1186 3478 1313 3561 templa
1336 3479 1418 3544 dicta

277 3588 352 3649 sunt
376 3583 581 3666 simpliciter:
606 3585 690 3668 quod
714 3585 774 3648 etsi
800 3584 931 3648 minime
952 3583 1109 3647 rationem
1135 3583 1309 3666 quominus
1332 3585 1418 3650 tieret

276 3690 482 3775 impedivisse
510 3691 630 3773 dicam,
662 3696 772 3757 tamen
799 3714 864 3756 non
896 3690 1050 3774 probasse
1079 3689 1346 3756 consuetudinem
1374 3714 1418 3756 re

276 3799 376 3881 perio.
401 3797 500 3862 Velut
518 3819 584 3861 non
599 3798 790 3880 simpliciter
811 3797 922 3878 tenzplo
940 3795 1115 3858 turbulente
1128 3792 1266 3860 Plautus
1282 3820 1419 3882 aequora

277 3907 377 3969 maris
407 3903 562 3969 concitati
587 3905 727 3988 vocavit,
758 3905 814 3968 sed
842 3905 888 3968 sic
915 3904 1041 3967 loeutus
1070 3903 1120 3965 est
1142 3900 1259 3966 Militis
1288 3905 1419 3989 gloriosi

277 4035 307 4075 v.
329 4013 409 4076 413:
432 4014 467 4076 irs
491 4011 564 4076 loeis
583 4011 787 4093 Neptuniis
811 4011 987 4092 templisque
1006 4008 1198 4072 turbulentis:
1223 4011 1421 4095 eundemque

276 4115 466 4199 Neptunum
485 4137 522 4180 eu
541 4116 608 4180 suis
630 4116 703 4179 locis
726 4115 902 4197 templisque
923 4115 1107 4196 expedimsse
1124 4114 1319 4200 naufragum
1344 4115 1421 4180 dixit

277 4221 435 4286 Rudentis
467 4246 496 4286 v.
524 4222 598 4287 908.
645 4220 713 4286 Nec
750 4221 816 4286 alia
852 4222 936 4285 ratio
974 4221 1105 4285 illorum
1141 4223 1191 4284 est
1226 4242 1312 4305 quae
1349 4226 1422 4288 sunt

277 4327 449 4394 Acherusia
468 4328 580 4408 terrquu
597 4329 664 4393 altu
684 4327 757 4393 Orci
775 4328 860 4412 apud
879 4328 1031 4408 Ennium,
1053 4321 1178 4409 sensim
1201 4348 1281 4393 suso
1304 4330 1424 4395 Boeoti

277 4436 390 4520 templu
421 4433 506 4519 apud
534 4433 724 4519 Pacuvium,
762 4435 910 4501 Volaenes
941 4435 1054 4519 templu
1085 4434 1170 4520 apud
1199 4434 1348 4502 Accium.
1384 4476 1420 4486 -
