2932 5026
181 321 247 386 370
603 336 650 382 nu
673 334 707 383 u.
732 334 908 382 vsuuorus

182 479 349 545 collocatis
382 499 482 542 uuum
514 481 757 543 controversum
787 477 850 541 hoo
882 479 998 560 restat,
1029 497 1094 561 quo
1124 474 1185 540 has
1216 476 1300 542 ordir

181 587 306 653 musica
328 589 362 651 et
384 585 565 670 astrologia
588 585 779 668 exceperint.
826 582 914 659 Quae
938 604 989 647 res
1013 582 1075 648 etsi
1098 586 1150 647 est
1174 604 1253 647 sane
1275 605 1300 647 ar

180 694 291 778 cipitis
313 691 583 776 ratiocinationis,
605 695 715 757 tamen
738 691 893 775 quoniam
916 676 1300 775 praeterreliquosscri1

180 805 266 866 tores
291 823 374 866 unus
398 799 576 865 eVarrone
591 799 776 865 Marcianus
799 798 961 883 pependit,
983 820 1022 863 ex
1047 798 1144 863 huius
1169 820 1300 884 quam<

180 908 320 973 aliorum
343 907 490 990 exemplo
510 907 613 972 tutior
631 905 753 990 poterit
771 905 870 969 etiam
889 905 928 969 de
946 904 1062 969 harum
1081 904 1300 989 disciplinatui

179 1014 310 1079 sedibus
333 1014 520 1078 coniectura
542 1013 621 1078 fieri.
649 1051 692 1059 —
720 1012 855 1078 Nullam
879 1015 987 1076 autem
1010 1011 1173 1076 rationem
1196 1013 1248 1077 vel
1272 1012 1300 1077 hr

179 1122 309 1186 buimus
337 1119 388 1184 vel
410 1119 595 1185 habendam
619 1119 823 1186 concedimus
846 1117 941 1183 unius
964 1119 1163 1201 testimonii,
1194 1140 1258 1203 quo
1282 1142 1300 1184 r

179 1227 273 1292 detur
287 1249 363 1293 sane
377 1226 483 1292 omnis
498 1248 594 1312 quem
608 1225 838 1311 proposuimus
853 1224 1100 1310 disciplinarum
1115 1224 1196 1291 ordo
1215 1231 1300 1290 everi

178 1332 240 1400 Est
270 1335 304 1400 id
327 1333 466 1401 Acronis
498 1334 533 1399 in
556 1332 687 1398 Horatii
711 1330 781 1397 Art
804 1336 890 1415 poet.
913 1332 978 1397 203
1010 1332 1091 1397 haec
1122 1335 1300 1399 annotantir

184 1440 284 1506 Varro
310 1443 359 1506 ait
384 1442 419 1506 ia
447 1442 534 1506 tertre
557 1440 807 1522 Disciplinarum
834 1445 863 1504 ct
884 1440 928 1504 ad
947 1439 1136 1504 Marcellum
1159 1441 1196 1504 de
1218 1441 1300 1523 liupr

178 1546 278 1611 latina
307 1553 453 1630 quatuor
481 1548 676 1629 foraminum
703 1548 801 1628 faisse
828 1547 920 1611 tabiae
946 1547 1033 1628 apud
1058 1546 1215 1628 amr’qrros,
1245 1553 1300 1611 et.

177 1654 280 1734 apuam
302 1655 350 1718 ac't
370 1655 406 1718 ia
428 1655 537 1737 templo
550 1655 701 1737 Marsyae
722 1655 833 1720 estimes
851 1653 944 1718 tebias
961 1657 1107 1734 emmor
1122 1653 1300 1733 foramimra

178 1758 253 1825 Non
275 1783 371 1844 posse
395 1761 446 1826 his
470 1761 505 1826 iu
528 1761 595 1827 alia
617 1761 789 1844 disciplina
811 1760 875 1824 nisi
893 1760 927 1823 in
947 1760 1070 1824 musica
1089 1759 1197 1825 locum
1216 1760 1300 1829 fuiss

178 1865 265 1931 haud
289 1873 423 1952 gravate
445 1868 667 1954 unusquisque
691 1867 894 1949 concesserit,
917 1866 958 1931 iis
981 1866 1175 1949 praesertim
1197 1869 1300 1934 cossa*

177 1996 259 2058 quae
283 1978 302 2056 ξ
328 1977 368 2039 14
391 1975 577 2040 afferentur:
600 1997 695 2040 nemo
720 1978 838 2058 autem,
860 1974 917 2058 qui
941 1975 971 2038 ei
994 1973 1184 2059 disciplinae
1207 1976 1300 2045 terti

177 2080 277 2146 dicari
300 2081 383 2146 liber
404 2083 561 2166 potuerit,
584 2081 652 2146 ulla
675 2084 753 2164 puto
777 2081 903 2145 ratione
926 2080 1089 2164 expediet:
1113 2082 1243 2166 quando
1263 2105 1300 2152 n

177 2188 338 2270 quomado
358 2188 511 2253 divellere
529 2188 727 2254 rhetoricam
747 2192 780 2253 et
798 2188 1011 2272 dialecticam,
1028 2210 1088 2254 uec
1106 2210 1202 2273 quem
1216 2190 1300 2258 loct

137 2316 162 2355 rr
178 2293 323 2361 divulsae
347 2295 497 2361 alterutri
519 2295 663 2360 tribuere
687 2296 742 2380 qui
766 2299 896 2379 saperet
917 2295 1071 2380 potuerit,
1094 2296 1145 2360 vel
1168 2298 1300 2382 perspi,

177 2424 248 2468 mus
276 2404 327 2467 vel
356 2403 466 2487 aliqua
493 2402 676 2468 coniectura
699 2402 910 2486 assequimur.
956 2400 1025 2467 Aut
1047 2403 1149 2487 igitur
1173 2403 1300 2471 mandu

177 2514 228 2575 est
250 2509 284 2575 in
306 2531 455 2594 numero,
478 2514 536 2576 aut
558 2511 701 2596 pertinet
722 2510 778 2594 qui
802 2509 940 2593 scriptus
965 2512 1016 2574 est
1038 2531 1191 2575 numerus
1215 2510 1255 2575 ad
1286 2534 1300 2576 s

175 2621 281 2681 terum
304 2606 541 2683 testimonium:
567 2619 653 2683 tertio
676 2618 719 2682 ad
734 2616 921 2681 Marcellam
944 2616 980 2680 dc
1002 2616 1111 2698 linqua
1130 2617 1246 2682 latiam
1270 2639 1300 2682 e:

175 2724 274 2787 trusit
297 2727 405 2789 autem
429 2725 506 2789 libro
530 2724 581 2789 vel
605 2724 701 2789 libris.
747 2721 841 2789 Certe
864 2744 930 2787 non
954 2722 1093 2787 alienius
1117 2745 1136 2787 a
1158 2724 1256 2788 tertio
1274 2745 1300 2788 a

176 2827 367 2895 Marcellum
392 2830 473 2896 illud
497 2835 547 2895 est
570 2831 656 2915 quod
680 2831 719 2894 de
742 2830 833 2894 tibiis
857 2830 996 2896 traditur
1016 2853 1114 2915 quam
1133 2831 1218 2917 quod
1234 2852 1297 2914 apu

176 2934 318 3002 Nonium
349 2961 379 3021 p.
403 2940 467 3004 318
499 2939 537 3003 de
567 2941 700 3021 epicroca
730 2937 892 3003 communi
922 2937 1001 3002 viris
1029 2959 1103 3002 cum
1132 2938 1300 3003 mulieriba

175 3042 377 3107 vestimento.

264 3150 294 3214 2.
336 3150 458 3226 Quodsi
481 3150 513 3215 id
538 3149 702 3234 sequimur
725 3149 820 3234 quod,
843 3151 920 3215 licet
942 3149 1159 3217 demonstrari
1182 3173 1300 3237 nequer

176 3255 424 3340 argumentandi
455 3257 663 3341 necessitate,
699 3261 809 3321 tamen
848 3279 867 3321 a
902 3257 1135 3340 probabilitate
1171 3260 1300 3344 proxim<

175 3364 346 3429 intervallo
371 3363 466 3447 absit,
490 3364 598 3429 nescio
622 3387 664 3430 an
688 3365 839 3429 universa
860 3363 1058 3429 Varroniani
1081 3365 1190 3450 operis
1212 3365 1300 3451 dispo

174 3471 251 3536 sitio
274 3471 355 3537 haec
378 3470 485 3554 fuerit,
509 3477 545 3536 ut
569 3474 720 3556 ageretur

174 3647 371 3701 arithmeticam
389 3661 442 3698 esse
459 3645 603 3700 volucram
617 3653 765 3716 propterca
783 3646 855 3715 qaod
873 3646 978 3701 arcaea
996 3649 1180 3717 stammana
1194 3652 1300 3704 etastrc

172 3735 278 3798 nomia,
301 3750 371 3803 qaae
388 3739 548 3802 sequantur,
571 3736 694 3805 iadicem
714 3736 899 3789 arittnwtr'ca:
931 3777 1042 3791 .....
1063 3737 1235 3791 arithmetica
1252 3755 1300 3792 ora

172 3827 204 3876 at
220 3824 266 3888 eit,
284 3839 368 3892 acque
385 3825 491 3879 marica
507 3841 593 3894 acque
610 3827 756 3894 prorostris
769 3841 855 3894 acque
868 3826 1037 3880 astronomia
1050 3842 1125 3895 caere
1138 3828 1300 3895 coenamus

172 3912 357 3968 Verissimum
375 3913 442 3981 hoc,
461 3915 509 3969 sed
528 3917 561 3969 ut
578 3917 673 3970 tamen
691 3933 742 3970 nec
761 3932 817 3968 uno
835 3932 888 3970 nec
905 3915 996 3970 tribus
1015 3917 1081 3970 aute
1100 3915 1220 3970 saeculis
1237 3915 1300 3972 intel

171 4002 276 4056 lectum
299 4003 345 4058 vel
369 4002 520 4058 intellectis
544 4003 767 4073 obtemperatum
791 4021 852 4059 csse
876 4003 1006 4073 exempla
1027 4003 1162 4058 clament:
1189 4005 1300 4073 perum

171 4090 245 4146 enim
268 4092 384 4147 humaui
408 4092 521 4148 errroris
545 4096 646 4148 natura
668 4095 697 4148 et
715 4093 757 4148 vis
781 4092 897 4147 diutina.
938 4090 1027 4157 Quare
1047 4093 1114 4162 quid
1134 4095 1178 4147 est
1195 4093 1300 4148 tandeu

171 4197 219 4234 cur
241 4181 270 4234 in
293 4179 349 4234 illis
372 4181 553 4250 scriptoribus
572 4182 761 4236 saecularibus
782 4199 836 4236 uon
855 4196 937 4252 posse
956 4198 1011 4235 uon
1030 4179 1116 4235 irrisae
1134 4180 1228 4252 ipsum
1249 4182 1300 4239 vn

170 4285 266 4323 ronam
285 4269 455 4324 contendas?
485 4270 572 4334 Quem
587 4288 636 4326 suo
651 4271 772 4341 quodam
792 4271 874 4326 modo
893 4271 1014 4325 multum
1032 4270 1145 4324 diverso
1164 4269 1200 4323 de
1218 4271 1300 4324 mutu

170 4357 380 4428 disciplinarum
399 4359 537 4415 affinitate
556 4361 716 4416 ratiocinari
735 4362 858 4431 potuisse
875 4359 960 4415 facile
979 4359 1066 4414 exiis
1090 4357 1228 4425 conicias,
1253 4359 1300 4428 qui

169 4448 221 4503 bus
240 4465 324 4518 quam
342 4448 400 4502 late
418 4449 539 4504 valuerit
556 4451 728 4520 geometriae
747 4451 804 4505 vim
823 4453 920 4520 patere
937 4448 1122 4519 intellegitur.
