2932 5026
268 300 331 365 192
625 315 837 365 nssouuurr
861 314 1047 364 susurrus.

263 459 417 544 pondere,
449 459 555 525 dictus
578 482 598 526 a
620 458 792 546 tollendo',
823 461 954 526 conlata
980 482 1054 526 cum
1076 456 1176 524 Plinii
1198 456 1311 523 verbis
1333 452 1412 521 Nat

263 567 338 651 hist.
352 566 440 652 XIX,
455 567 499 633 60
522 566 650 634 ‘hortos
674 568 773 633 uillae
796 617 803 633 .
827 618 835 633 .
858 618 866 633 .
889 567 1090 634 tollenonum
1112 565 1234 631 haustu
1257 565 1385 650 rigatos
1393 561 1414 627 'r

264 674 440 759 eodemque
467 674 654 745 referendae
682 678 759 740 sunt
786 674 916 761 glossae
944 679 1070 740 veteres
1099 673 1185 759 apud
1212 669 1414 738 Vulcacium

264 804 294 865 p.
319 781 393 864 214,
419 781 460 845 14
482 783 516 845 et
538 779 613 865 515,
639 782 671 846 1:
709 779 848 847 ‘tollens
878 780 1054 860 κηλώνιον’
1077 778 1193 868 (immo
1217 777 1413 860 κηλώνειον)

265 891 298 952 et
313 886 489 968 ‘mldvvcv
504 887 630 955 ciconia
640 885 677 973 9),
691 887 840 955 tolleno'.
876 887 1038 974 Felicique
1057 892 1094 954 ut
1110 887 1240 954 videtur
1264 884 1411 952 acumine

264 1015 336 1058 eam
368 1015 482 1059 vocem
514 992 539 1059 Ι.
566 993 602 1059 F.
627 993 809 1061 Gronovius
842 994 883 1060 ad
915 993 1001 1060 Livii
1033 992 1154 1079 XXIV,
1177 995 1231 1079 34,
1257 992 1302 1060 10
1333 991 1409 1059 duce

264 1100 454 1167 Ptolemaeo
477 1101 592 1167 Flavio
615 1101 713 1167 etiam
737 1101 936 1169 Columellas
958 1086 999 1186 X,
1021 1101 1064 1168 25
1086 1101 1226 1168 reddidit
1250 1101 1314 1167 sic:
1348 1098 1408 1166 ‘Ne

264 1206 374 1292 grauis
397 1206 563 1272 hausturis
586 1207 711 1273 tollens
730 1208 792 1273 tibi
810 1208 871 1274 ilia
888 1207 1021 1274 uellat':
1044 1208 1188 1275 feliciore
1207 1211 1297 1275 certe
1314 1227 1408 1293 qnam

265 1336 329 1400 qua
351 1311 486 1379 eandem
509 1310 648 1379 Senecae
670 1313 747 1379 Nat.
771 1318 894 1400 quaest.
916 1313 958 1398 H,
981 1314 1001 1380 9
1026 1315 1105 1381 olim
1128 1315 1290 1383 Erasmus
1313 1314 1434 1381 insul.

265 1419 369 1486 cahat.
405 1419 477 1486 Hoc
500 1420 601 1505 igitur
623 1420 884 1506 instrumentum,
908 1421 999 1487 cuius
1022 1422 1162 1507 figuram
1184 1425 1340 1488 accurate
1361 1421 1410 1487 de

265 1528 411 1593 scribunt
432 1527 601 1594 Decierius
624 1529 665 1593 ad
687 1527 829 1614 Festum,
851 1528 1080 1615 Forcellinius,
1102 1529 1202 1597 Heur.
1225 1528 1411 1616 Stephanus

265 1658 290 1699 s.
312 1659 342 1700 v.
365 1638 474 1716 κήλων
496 1633 653 1701 Thesauri
676 1637 699 1699 t.
721 1633 770 1699 IV
792 1658 823 1720 p.
850 1636 934 1701 1516
958 1634 1044 1722 Pan,
1076 1635 1215 1722 cogitari
1245 1660 1266 1703 a
1291 1635 1411 1703 Plauto

265 1742 454 1807 existimans
476 1741 624 1827 Scaliger
647 1763 718 1806 cum
742 1741 788 1807 sic
812 1745 1050 1808 commentatur
1072 1741 1196 1830 Gastig.
1213 1744 1247 1809 in
1262 1741 1410 1810 Festum:

267 1848 317 1915 ‘in
344 1850 497 1916 Plautino
531 1871 624 1914 versu
647 1848 893 1934 ‹reciprocare›
924 1849 1009 1914 nihil
1042 1849 1130 1915 aliud
1162 1872 1260 1935 quam
1292 1872 1413 1937 susque

265 1957 380 2043 deque,
410 1958 557 2043 gremio
586 1960 714 2022 erecto
743 1964 809 2022 aut
835 1956 1031 2042 depresso,
1059 1962 1188 2044 gestum
1211 1959 1259 2023 ita
1282 1980 1413 2044 compc-

263 2086 350 2149 nerc,
373 2068 410 2128 ut
432 2064 554 2136 tollenc
577 2066 635 2128 aut
657 2063 760 2149 pilum
783 2082 935 2148 graecum
960 2063 1003 2145 [i]
1028 2061 1200 2149 videatur',
1223 2086 1323 2150 quam
1341 2069 1413 2133 tan·

265 2170 337 2235 dem
361 2194 468 2237 rerum
491 2170 714 2238 condicionem
734 2169 835 2235 menti
853 2167 1080 2235 informaverit
1099 2173 1156 2235 aut
1172 2174 1311 2237 naturae
1332 2173 1414 2239 veri·

258 2279 328 2360 ‚tati
350 2282 407 2345 aut
430 2278 613 2345 rationibus
637 2282 671 2343 et
694 2277 918 2344 consuetudini
942 2278 1127 2345 comoediae
1151 2283 1414 2367 consentaneum,

264 2385 319 2450 vix
344 2408 381 2451 ac
405 2409 445 2452 ne
468 2385 520 2452 vix
544 2385 672 2472 quidem
696 2384 871 2452 divinando
896 2368 1081 2471 adsequare.
1118 2385 1189 2462 Quo
1207 2387 1316 2472 magis
1340 2409 1414 2454 eum

265 2493 376 2558 mirari
398 2495 475 2560 licet
497 2494 633 2559 alteram
652 2491 860 2558 ‘tollenonis'
880 2492 1149 2580 significationem
1172 2515 1309 2578 prorsus
1331 2516 1410 2583 ueg-

265 2600 396 2686 lexisse,
419 2626 482 2688 qua
505 2601 538 2666 id
561 2622 679 2667 nomen
703 2603 833 2666 constat
855 2601 955 2666 etiam
983 2600 1023 2667 ad
1049 2603 1284 2667 tormentorum
1311 2624 1412 2688 appa·

265 2712 373 2774 ratum
401 2708 586 2773 traductum
613 2729 684 2772 esse
712 2707 937 2792 oppugnandis
965 2706 1158 2792 oppidorum
1188 2707 1414 2775 castellorum·

265 2837 303 2879 ve
327 2815 534 2881 munimentis
557 2814 818 2880 inservientium:
842 2813 928 2898 quod
951 2834 1052 2899 genus
1074 2813 1414 2883 machinamentorum

206 2978 209 2982 .
266 2944 338 2987 oum
362 2920 472 2987 Livius
495 2924 728 2987 commemorat
749 2921 770 2984 l.
794 2943 819 2984 s.
842 2942 867 2984 s.
890 2922 923 2984 et
944 2919 1133 3004 XXXVIII,
1155 2921 1186 3006 5,
1208 2922 1240 3006 4,
1262 2921 1297 2988 in
1321 2945 1415 2989 enar·

266 3028 368 3094 rande
395 3026 565 3093 obsidione
594 3024 826 3110 Syracusarum
854 3029 952 3111 atque
975 3026 1183 3112 Ambraciae,
1213 3032 1285 3094 tum
1314 3032 1414 3116 quale

266 3134 365 3199 fuerit
393 3156 431 3199 ex
459 3139 527 3200 arte
555 3134 710 3200 describit
732 3133 889 3221 Vegetius
918 3134 957 3200 de
984 3157 1019 3200 re
1046 3134 1141 3201 milit
1162 3133 1221 3221 IV,
1243 3136 1303 3223 21,
1334 3138 1416 3205 deli·

267 3280 478 3288 ——-...--.—

356 3369 384 3436 9)
404 3365 533 3422 ‘ciconia’
555 3364 628 3419 uude
647 3363 702 3418 huc
720 3363 823 3433 veniat,
842 3364 962 3420 Isidorus
981 3365 1063 3421 docet
1082 3364 1157 3436 0ri3.
1176 3364 1237 3433 XX,
1257 3372 1300 3436 15,
1319 3374 1347 3435 3,
1365 3367 1416 3425 uhi

267 3473 339 3511 nunc
358 3455 397 3511 sic
415 3456 508 3512 edItur
526 3471 626 3525 parum
644 3453 804 3509 emendate:
834 3455 999 3511 ‘telonem
1023 3454 1164 3510 hortulani
1182 3460 1287 3511 vocant
1304 3456 1415 3528 liguum

267 3547 395 3616 longum,
422 3563 478 3615 quo
502 3545 634 3599 hauriunt
656 3560 753 3613 aquas.
793 3545 822 3598 ct
840 3543 946 3598 dictum
965 3543 1087 3599 telonem
1107 3545 1167 3614 (sie)
1186 3561 1205 3599 a
1222 3544 1415 3617 longitudines

267 3637 346 3689 τέλος
365 3637 445 3702 (τηλύ
465 3634 513 3702 ul)
534 3634 608 3688 enim
627 3633 705 3687 iuxta
724 3632 845 3688 Graecos
863 3631 997 3703 quicquid
1016 3633 1131 3703 longum
1150 3636 1201 3690 est.
1238 3635 1293 3689 hoc
1311 3633 1415 3690 instru-

268 3728 393 3778 mentum
412 3721 529 3792 Hispani
553 3720 722 3777 ciconiam
746 3719 857 3774 dicuut’
883 3738 905 3775 e.
926 3737 952 3790 q.
973 3738 994 3775 e.
1033 3719 1173 3778 Credibile
1198 3726 1241 3778 est
1263 3722 1414 3792 pristinum

270 3811 473 3867 ‘tollenonem'
498 3813 608 3865 mutata
633 3809 724 3865 vocali
750 3809 991 3865 ‘tollenonem'
1021 3810 1142 3867 evasisse
1168 3815 1283 3882 postera
1310 3811 1416 3881 octaba

269 3920 353 3971 quam
379 3901 491 3972 quidem
516 3901 636 3954 formam
662 3897 817 3953 Gronovius
843 3899 860 3955 l.
881 3917 903 3957 s.
922 3917 943 3954 s.
968 3899 1133 3970 simpliciter
1157 3901 1231 3957 dixit
1254 3901 1414 3967 barbanu.

270 3991 412 4062 [Ceterum
435 3989 469 4044 de
493 3989 633 4044 tollenone
658 4005 730 4057 quae
754 4003 838 4057 supra
857 3991 1060 4044 commentatus
1077 4007 1152 4056 eum,
1179 3990 1290 4063 pridem
1308 3990 1415 4062 scripta

269 4084 350 4135 oront
368 4077 476 4146 umida,
495 4096 557 4133 cum
576 4076 665 4145 Sophi
683 4076 791 4147 Buggei
810 4076 838 4130 in
857 4076 1030 4131 Fleckeiseni
1048 4079 1148 4135 Annul.
1167 4083 1187 4135 t
1207 4078 1255 4141 CV
1274 4082 1313 4149 (a
1334 4080 1415 4147 1812)

269 4189 296 4239 p.
319 4177 368 4224 100
383 4187 423 4237 sq.
443 4166 663 4236 disputationem
683 4164 749 4233 vidi,
768 4181 825 4235 qua
843 4164 867 4219 is
887 4182 982 4220 veram
1001 4166 1120 4223 nominis
1138 4167 1259 4224 formam
1276 4184 1335 4224 non
1352 4183 1413 4225 eree

269 4259 376 4323 rolleno,
395 4256 442 4310 sed
462 4256 579 4311 tollenuo
597 4254 653 4322 (vel
673 4253 758 4309 etiam
776 4252 919 4322 antiquius
934 4256 1062 4324 tollendo)
1081 4259 1110 4310 et
1128 4256 1304 4313 documentis
1323 4259 1354 4312 et
1370 4272 1413 4311 ar·

269 4346 408 4416 pumentia
425 4345 544 4416 probare
562 4342 669 4399 studuit
687 4342 756 4396 satis
774 4342 812 4397 ad
829 4343 1055 4412 persuadendum
1072 4344 1216 4414 adpositis.
1244 4344 1331 4399 Cuius
1348 4344 1414 4401 scri·
1438 4334 1449 4347 ⁰

270 4438 367 4507 pturne
386 4434 536 4504 vestigium
555 4433 642 4503 ipsius
660 4431 737 4485 Festi
756 4431 843 4486 codex
858 4432 980 4488 servavit
998 4451 1024 4503 p.
1035 4439 1123 4502 soo,8
1142 4434 1251 4489 ἰοὶικκο
1269 4432 1412 4505 prodens]
