2932 5026
271 297 335 361 236
656 315 693 361 us
718 315 828 365 vrrnu
851 315 1018 362 rasanru
1058 348 1061 353 ⁴

271 457 392 541 logum,
416 456 472 522 sed
496 461 657 522 oratorem
681 457 862 543 nominat'3
885 458 920 522 in
939 460 1013 523 al:
1037 457 1229 541 ‘Exscrasl
1252 457 1417 542 eapuleusl.

270 563 365 628 Illam
393 564 495 650 igitur
522 564 674 649 loquendi
703 563 967 630 consuetudinem
991 562 1113 629 Donati
1137 585 1287 630 caussam
1312 564 1419 632 habeo

270 693 327 735 cur
356 671 388 735 iu
412 670 522 736 iacobi
546 670 717 755 Bernaysii
746 675 855 754 partes
879 692 945 736 non
969 670 1094 753 cedam,
1127 671 1233 736 eecrllil
1255 670 1360 736 latere
1384 672 1418 738 in

269 777 355 843 enisis
381 776 571 843 conicientis
599 777 681 843 conl.
704 776 783 842 Hor.
805 775 911 861 Epist.
935 794 976 862 11,
1001 779 1034 861 1,
1060 777 1122 842 176
1150 776 1299 843 ‘securus
1328 780 1421 845 oadal

271 906 312 949 an
334 888 423 949 recto
446 887 512 950 stet
534 884 648 949 fabula
670 883 763 950 talo'.
787 920 829 930 -
859 882 1011 968 Sequitur
1039 888 1087 968 ut,
1116 883 1192 968 quid
1222 884 1257 948 in
1279 891 1421 952 surm

270 1014 347 1056 voce
371 991 554 1077 deliteseat,
584 996 767 1076 quaeratur.
812 991 862 1058 Ne
886 991 1004 1074 multa,
1027 991 1183 1076 seriptum
1207 997 1258 1057 est
1281 1015 1303 1057 a
1327 991 1419 1059 Sedi-

270 1099 353 1183 gito:
376 1098 535 1165 Simllur
550 1099 678 1165 Hecura
695 1100 781 1166 scuta
797 1100 989 1166 exclusust
1004 1099 1122 1180 salicia
1158 1097 1205 1164 Et
1221 1096 1421 1167 reconditior

270 1206 401 1291 quidem
423 1208 550 1272 similar
571 1207 678 1273 forma
700 1203 813 1293 (etiam
835 1207 1001 1292 antiquior
1019 1207 1078 1272 illa
1096 1229 1193 1291 quam
1212 1205 1422 1292 frequentata

217 1325 258 1366 ⁶⁰⁰
272 1314 388 1380 Plauto
409 1311 542 1400 simitu),
566 1315 656 1380 onius
679 1336 782 1399 paene
806 1315 1054 1379 intermortuam
1077 1313 1269 1379 memoriam
1292 1314 1329 1379 in
1351 1314 1421 1379 An·

271 1421 436 1507 thologiae
466 1422 522 1487 lat
553 1422 724 1487 corollario
754 1419 979 1507 epigraphico,
1012 1442 1075 1506 quo
1103 1420 1204 1486 indici
1232 1419 1421 1486 scholarum

271 1528 468 1593 aestivarum
491 1529 569 1593 anni
592 1527 918 1612 1853pr01udebanq
940 1528 1134 1593 resuscitari
1153 1549 1185 1611 p.
1198 1544 1307 1612 xlsq.,
1329 1532 1422 1593 certa

271 1640 379 1699 autem
415 1635 663 1701 ratiocinatione
700 1635 800 1700 etiam
832 1633 993 1699 Plautinis
1031 1634 1179 1698 versibus
1210 1632 1311 1700 Most
1346 1635 1422 1700 792.

272 1740 389 1825 Amph.
400 1743 463 1807 631
484 1741 746 1828 redintegrandis
765 1740 909 1826 adhibui,
928 1739 1114 1807 aVolcatio
1134 1761 1172 1806 eo
1188 1740 1298 1805 minus
1313 1742 1423 1808 aliena

272 1848 443 1933 videbitur,
466 1871 530 1934 quo
549 1849 669 1914 certius
688 1853 739 1914 est
757 1848 949 1933 posterioris
968 1848 1086 1913 aetatis
1106 1848 1188 1914 duos
1206 1847 1284 1912 illos
1304 1848 1424 1915 titulos

270 1952 383 2040 (Orell.
402 1957 497 2021 2863.
521 1954 620 2020 Inscr.
639 1953 742 2040 Neap.
756 1954 837 2041 423)
861 1977 932 2019 esse
956 1976 1091 2040 quorum
1115 1956 1315 2022 testimoniis
1339 1956 1424 2023 fides

271 2063 339 2128 eius
367 2062 490 2127 formae
519 2061 624 2127 omnis
652 2061 836 2126 continetur
845 2059 887 2146 *).
938 2061 1014 2146 Ipsa
1041 2067 1150 2127 autem
1174 2061 1307 2127 ‘simul’
1329 2063 1423 2131 notio

344 2293 369 2358 *)
388 2291 420 2346 In
439 2290 566 2361 epistulis
582 2289 722 2346 Ciceronis
741 2293 811 2359 quot
828 2289 950 2362 vestigia
968 2290 1101 2345 sermonis
1120 2290 1255 2361 vulgaris,
1276 2292 1328 2361 qni
1345 2291 1422 2349 idern

272 2398 330 2436 esse
353 2381 459 2450 priscus
482 2381 566 2449 solet,
595 2382 706 2435 serrata
728 2379 797 2448 sint,
825 2395 914 2449 nuper
937 2379 1049 2434 demum
1067 2381 1200 2435 accurata
1218 2379 1419 2437 observatione

272 2470 434 2525 Franciscus
453 2470 639 2526 Buechelerus
661 2473 823 2539 persecutus
845 2470 891 2525 est
908 2469 977 2524 Mus.
997 2469 1085 2524 Rhcn.
1104 2468 1142 2522 XI
1161 2487 1189 2540 p.
1208 2475 1262 2525 5⁰0
1277 2489 1340 2541 sqq.
1378 2470 1418 2527 Eo

272 2559 359 2629 igitur
382 2560 430 2615 ille
454 2560 538 2616 etiarn
563 2561 616 2614 hoc
639 2558 737 2626 refert,
765 2558 840 2628 qnod
864 2558 901 2612 ad
924 2557 1148 2626 nu.vl1‚e,a
1172 2558 1309 2629 scriptum
1333 2561 1420 2616 ostri

271 2651 369 2714 mulla,
395 2649 443 2703 ubi
467 2648 607 2704 sententia
630 2647 748 2718 requirit
769 2649 852 2702 simul
874 2647 1027 2702 notionem:
1055 2647 1160 2717 quippe
1184 2647 1337 2702 conflatam
1360 2664 1418 2704 esse

273 2752 403 2793 eruunro
423 2737 589 2806 scripturam
608 2754 623 2792 e
644 2736 806 2802 vetustiore,
830 2753 886 2805 qua
908 2737 961 2790 hoc
980 2735 1042 2790 loco
1060 2736 1159 2791 luserit
1177 2733 1289 2803 Cicero,
1312 2750 1419 2793 sumu

272 2827 413 2896 particula
430 2829 460 2882 et
477 2826 537 2882 eius
555 2826 786 2895 interpretatione
805 2838 906 2880 ernon.
944 2823 1034 2890 Quam
1058 2827 1153 2880 autem
1176 2823 1224 2878 diu
1247 2826 1347 2880 simila
1363 2825 1418 2880 for·

272 2934 335 2972 mae
353 2935 419 2972 usus
438 2915 580 2983 manserit,
599 2914 687 2970 etiam
704 2931 737 2969 ex
757 2913 959 2984 epigrammate
977 2912 1166 2983 Anthologiae
1180 2913 1214 2980 V,
1231 2921 1255 2984 1,
1272 2921 1306 2969 10
1324 2913 1418 2971 Barna

273 3007 353 3071 (1024
371 3003 447 3073 apud
465 3001 620 3073 Meyerum)
639 3002 778 3073 intellegi:
808 3003 885 3057 Hine
902 3002 1035 3066 honines,
1060 3007 1185 3056 annenlo
1202 3004 1313 3069 simitu,
1338 3009 1364 3058 et
1381 3018 1417 3058 se

272 3095 349 3147 mina
367 3109 471 3147 rerum:
489 3091 531 3146 ita
548 3089 624 3145 enim
642 3090 702 3158 (scd
720 3090 774 3145 hoc
792 3093 905 3161 praeter
923 3090 990 3159 alia)
1010 3090 1224 3146 emaculandum
1238 3091 1330 3147 videri
1344 3093 1419 3162 quod

273 3181 404 3251 vulgatur
421 3182 504 3236 unul
522 3187 553 3236 et.
591 3181 696 3235 Verum
714 3179 802 3235 etiam
820 3179 985 3250 antiquioris
1003 3182 1114 3234 unitur
1136 3180 1255 3250 formae,
1279 3181 1308 3235 in
1334 3197 1420 3251 qnam

274 3258 358 3341 supra
377 3269 476 3325 incidit
495 3268 662 3340 disputatio,
685 3269 796 3325 fallitur
818 3273 913 3325 nostra
935 3270 1074 3324 sententia
1092 3270 1141 3340 qui
1160 3270 1310 3340 vestigium
1329 3270 1420 3342 suspi-

274 3357 353 3416 catus
372 3358 463 3416 estin
482 3357 576 3414 Hostii
593 3357 718 3414 versibus
736 3359 865 3414 relictum
884 3359 959 3428 apud
979 3359 1152 3414 Macrobinm
1171 3358 1421 3428 SaturnV1‚o,8=

273 3451 334 3505 Diu
353 3450 499 3516 Minerua,
517 3450 600 3504 umal
618 3455 708 3503 aulen
726 3450 849 3504 lauimus
862 3450 962 3518 Apollo
975 3452 986 3519 ΙΙ
999 3451 1183 3519 Arquitenens
1197 3448 1345 3505 Latonius.
1378 3450 1421 3505 lbi

273 3539 347 3594 enim
372 3537 425 3594 etsi
449 3536 597 3608 prosodiae
620 3536 732 3607 quidem
756 3536 845 3592 videri
863 3540 958 3606 potest
977 3537 1017 3592 sic
1035 3537 1102 3593 satis
1121 3536 1180 3591 fieri
1198 3538 1310 3594 sinitur
1329 3543 1422 3594 oasa

274 3629 291 3683 i.
303 3629 352 3682 A:
370 3626 482 3696 quando
501 3626 638 3695 producta
655 3626 757 3680 ultima
775 3627 985 3697 pronuntiatum
1005 3644 1064 3682 esse
1082 3628 1193 3682 similar
1207 3626 1264 3682 iarn
1279 3627 1349 3683 olim
1362 3627 1422 3684 dixi

273 3715 418 3787 probabile
442 3731 513 3770 esse:
544 3717 638 3770 tamen
662 3733 679 3770 a
700 3732 878 3771 numerorum
902 3715 1009 3771 ratione
1028 3715 1075 3770 vix
1099 3719 1231 3786 poterunt
1250 3715 1424 3774 deonerans

273 3803 398 3873 contigui
412 3804 523 3874 placere
542 3805 671 3875 neglecta
689 3823 804 3860 caesura
818 3805 974 3874 aequaliter
987 3804 1153 3861 inconcinni
1181 3804 1256 3875 Ergo
1271 3803 1312 3860 sio
1326 3804 1424 3875 potins

274 3892 453 3949 statuendum
471 3892 590 3963 videtur,
614 3911 669 3949 una
692 3895 847 3965 eademque
871 3895 972 3950 lacuna
995 3894 1139 3965 utriusque
1158 3912 1254 3951 versus
1277 3893 1424 3949 communi

274 3980 381 4051 aliquid
400 3982 429 4036 in
447 3986 565 4053 utroque
584 3984 764 4040 intercidisse.
798 3985 890 4053 Velut,
909 3984 1004 4055 aliquo
1023 3987 1055 4039 ut
1069 3983 1198 4055 exemplo
1211 3986 1284 4053 utar,
1301 3982 1333 4039 in
1346 3983 1425 4041 nune

274 4070 400 4127 modum:

434 4160 494 4215 Diu
513 4161 649 4216 Minerua
668 4161 764 4233 [ruit],
781 4163 864 4217 simul
882 4167 972 4217 aulem
990 4162 1113 4217 irruimus
1131 4162 1232 4232 Apollo

434 4251 617 4320 Arquitenens
636 4250 747 4322 [instat]
767 4251 912 4308 alonius.

275 4341 306 4394 ln
326 4343 457 4409 promptu
475 4341 519 4393 est
537 4337 611 4392 enim
630 4355 645 4393 e
664 4356 774 4409 pugnae
788 4340 976 4410 descriptione
990 4340 1058 4394 belli
1072 4331 1187 4395 Histrici
1201 4338 1272 4395 haec
1285 4342 1426 4411 repetere,

276 4429 321 4485 eui
339 4445 450 4503 pugnae
468 4428 618 4484 Homerico
635 4429 762 4500 exemplo
781 4428 835 4500 ipsi
855 4429 901 4486 dei
919 4429 1103 4485 interfuerint.
