2956 5018
186 311 251 377 538
519 331 636 377 caasa
658 316 803 379 vxaao's
826 330 1002 377 1uxs1xvu

185 471 319 535 videtur.
365 472 439 537 Non
462 472 668 557 Praxitelem,
699 475 754 538 sed
778 474 1001 559 Pythagoram
1025 472 1175 539 Samium
1200 472 1325 557 (Brunn

185 578 270 643 Hist.
299 579 383 642 artif.
408 579 460 643 Gr.
484 580 500 643 I
527 603 558 663 p.
580 582 671 664 116),
698 602 792 666 quem
820 586 895 665 post
921 581 1108 665 Rheginum
1132 583 1153 660 ᾗ
1178 581 1222 645 60
1249 602 1326 645 com·

185 689 344 750 memorat
366 685 503 770 Plinius,
527 689 757 752 statuariorum
779 687 1014 752 hebdomadem
1037 687 1188 771 explesse
1211 709 1327 769 censeo,

185 791 235 855 cui
259 792 345 874 apud
359 792 538 857 Varronem
561 795 668 859 locum
691 795 791 859 fuisse
815 795 895 858 mihi
919 794 1064 858 iudicant
1088 793 1190 858 verba
1212 793 1327 858 addita:

185 898 255 962 ‘hic
279 921 376 982 supra
404 900 488 964 dicto
517 901 599 965 faeie
624 924 749 986 quoque
774 902 946 966 indiscreta
969 901 1087 965 similis
1111 900 1215 965 fuisse
1238 900 1327 965 tradi·

184 1005 263 1089 tur',
291 1028 372 1090 quae
401 1006 529 1091 quidem
557 1009 597 1072 ad
626 1008 704 1072 artis
732 1008 902 1074 historiam
931 1032 950 1073 a
978 1006 1086 1072 Plinio
1115 1008 1328 1091 conscriptam

184 1112 268 1176 nihil
296 1113 432 1196 faciunt,
461 1135 656 1200 magnopere
685 1138 760 1179 vero
789 1116 829 1178 ad
853 1116 1009 1181 Varronis
1038 1116 1078 1179 de
1107 1115 1251 1200 imagine
1273 1115 1328 1178 viri

185 1205 436 1303 disputationem
464 1220 631 1304 quadrant.
684 1219 840 1285 Iudicium
871 1224 979 1285 autem
1003 1220 1166 1287 Varronis
1196 1220 1236 1284 de
1265 1226 1327 1284 arte

184 1325 354 1390 Praxitelis
383 1327 530 1392 omittere
555 1327 678 1391 Plinius
706 1350 773 1392 non
800 1332 932 1411 propter
959 1329 1044 1392 hanc
1073 1351 1174 1393 unam
1202 1350 1325 1393 cauam

184 1433 298 1516 potuIt.
323 1471 364 1478 —
394 1434 519 1498 Addam
549 1435 684 1518 denique
712 1435 872 1518 pictorum
895 1433 1132 1499 hebdomadem
1158 1433 1326 1498 Alexandri

81 1558 105 1577 ·’
184 1537 294 1624 Magni
319 1542 419 1605 aetati
443 1542 639 1625 supparium,
663 1564 758 1625 quam
783 1563 838 1605 eur
851 1541 1016 1604 Brunnius
1040 1541 1184 1605 noluerit
1207 1540 1324 1605 adicere

182 1649 274 1711 tanto
299 1647 406 1711 minus
435 1649 597 1733 intelligo,
625 1648 711 1732 quod
739 1648 772 1710 in
802 1670 874 1711 eam
896 1648 995 1713 incidi
1019 1648 1060 1711 ab
1085 1647 1160 1730 ipso
1184 1646 1323 1711 Brunnio

185 1759 472 1819 commemoratam
496 1756 581 1819 Hist.
605 1755 690 1820 artis.
713 1755 745 1818 Il
769 1778 799 1838 p.
823 1755 898 1819 249.
921 1755 995 1818 252.
1041 1753 1095 1818 Ita
1118 1753 1208 1817 enim
1231 1753 1322 1830 Quin·

183 1859 333 1925 atilianus
353 1860 376 1924 Ι.
401 1861 436 1924 Ο.
455 1859 527 1944 XII,
553 1862 603 1944 10,
626 1862 660 1926 6:
685 1859 822 1925 ‘Floruit
845 1865 953 1924 autem
977 1860 1063 1924 circa
1087 1859 1272 1943 Philippum
1293 1862 1321 1923 et

182 1988 281 2050 usque
301 1968 341 2031 ad
360 1990 560 2032 successores
574 1968 752 2032 Alexandri
771 1968 896 2051 pictura
914 1967 1095 2050 praecipue,
1115 1966 1173 2030 sed
1196 1966 1320 2030 diversis

182 2072 366 2138 virtutibus.
410 2073 497 2138 Nam
521 2096 597 2137 cura
619 2074 813 2156 Protopeaes‚
841 2073 967 2138 ratione
990 2072 1180 2155 Parnpln'lus
1202 2095 1240 2138 ao
1261 2073 1318 2138 Me·

182 2179 331 2258 lorrtbius,
363 2180 519 2245 facilitate
547 2180 744 2262 Antiphilus
777 2179 993 2264 concipiendis
1023 2179 1220 2263 visionibus,
1250 2202 1317 2264 quas

181 2287 356 2364 qovrudoc
382 2292 507 2371 vocant,
533 2288 639 2352 Theon
663 2287 801 2370 Samius,
824 2287 953 2372 ingenio
977 2291 1010 2351 et
1033 2287 1153 2371 gratia,
1176 2287 1317 2372 quamiu

182 2412 215 2454 se
239 2391 307 2475 ipse
332 2394 469 2457 maxime
492 2394 601 2477 iactat,
625 2395 747 2476 Apelles
770 2398 820 2458 est
843 2392 1153 2477 praestantissimus.
1184 2393 1315 2476 Euphra

143 2519 287 2562 risorem
311 2499 534 2566 admirandum
557 2501 645 2583 facit,
668 2501 753 2585 quod
772 2506 805 2564 et
823 2500 937 2565 ceteris
957 2499 1090 2582 optimis
1110 2500 1227 2565 studiis
1245 2501 1315 2564 inter

181 2605 372 2688 praecipuos
400 2611 433 2671 et
460 2607 613 2691 pingendi
641 2607 847 2691 fingendique
871 2606 954 2669 idem
978 2605 1080 2669 mnus
1104 2606 1222 2671 artifex
1245 2602 1314 2670 fuit’

181 2709 381 2786 -Quorum
404 2713 537 2777 nomina
560 2715 621 2778 etsi
645 2714 730 2797 apud
749 2713 892 2777 Plinium
911 2716 931 2793 ξ
948 2713 1102 2778 76-144
1127 2735 1194 2778 non
1217 2712 1314 2777 eodem

181 2818 291 2882 ordine
313 2820 507 2902 referuntur,
531 2821 586 2884 sed
609 2821 684 2884 hoc:
717 2821 921 2903 Pamphilus,
944 2819 1092 2903 Apelles,
1121 2819 1314 2899 Melanthius,

181 2923 392 3009 Protogenes,
424 2926 632 3009 Euphranor,
665 2926 866 3009 Antiphilus,
900 2925 1026 3007 Theou,
1059 2930 1173 2990 tamen
1205 2927 1236 2990 id
1261 2946 1314 2990 uon

181 3035 288 3113 potest
318 3032 461 3114 obstare,
499 3034 670 3117 quominus
708 3032 864 3096 concedas
901 3055 939 3096 ea
976 3033 1081 3096 iustae
1116 3031 1314 3099 hebdomadis

183 3136 336 3201 Varronis
361 3138 518 3202 ambItum
543 3140 765 3223 complevisse,
791 3139 845 3222 qui
869 3162 965 3222 quum
990 3139 1071 3203 duas
1095 3141 1313 3205 statuariorum

181 3242 398 3308 hebdomadas
422 3247 652 3329 constituisset,
677 3247 821 3329 profecto
846 3269 909 3309 non
933 3250 983 3309 est
1007 3267 1064 3308 cur
1082 3250 1229 3331 negetur,
1251 3267 1314 3310 eun·

180 3350 252 3413 dem
281 3351 415 3416 totidem
443 3353 601 3436 pictorum
630 3353 848 3436 composuisse
877 3352 924 3414 ita
951 3354 989 3414 ut
1015 3352 1049 3415 iu
1074 3352 1179 3416 altera
1202 3352 1315 3433 Zeuxis,

108 3530 112 3537 ¹
180 3455 384 3541 Parrhasius,
413 3460 470 3523 alii
493 3466 601 3523 essent
622 3461 674 3524 his
700 3460 901 3523 vetustiores.
941 3457 1036 3521 Illam
1061 3463 1170 3524 utrum
1193 3482 1233 3525 ex
1256 3461 1315 3544 ipso

180 3563 326 3628 Varrone
350 3565 496 3628 hauserit
519 3566 752 3641 Quinctilianus
776 3566 864 3630 dictu
892 3571 942 3630 est
965 3564 1111 3647 difficile,
1144 3566 1201 3630 aed
1228 3566 1315 3631 etiam

180 3670 208 3732 si
232 3691 303 3732 earu
327 3674 441 3753 sponte
465 3672 679 3754 constituerit,
702 3672 814 3754 quidni
837 3673 872 3735 in
895 3671 1025 3736 eosdem
1046 3670 1153 3736 Varro
1177 3678 1316 3757 septenos

180 3775 320 3838 illustres
339 3776 488 3841 homines
509 3778 717 3863 undecunque
732 3778 991 3860 circumspiciens
1006 3777 1148 3841 incidere
1162 3776 1316 3861 potuerit?

179 3918 222 3926 -
242 3879 452 3948 Coniecturae
472 3889 580 3949 autem
603 3889 734 3948 nostrae
756 3885 971 3970 probabilitas
995 3884 1179 3969 augebitur,
1203 3885 1230 3948 si
1248 3881 1317 3948 alibi

179 4008 306 4071 quoque
330 3989 581 4065 Quinctilianuru
606 3990 824 4057 hebdomades
843 3991 1001 4057 Varronis
1024 3992 1206 4074 respexisse
1229 4011 1317 4074 appa·

179 4095 288 4179 ruerit,
311 4097 400 4160 ouius
424 4099 472 4162 rei
494 4099 633 4183 vestigia
652 4098 809 4182 quaedam
829 4098 905 4163 licet
923 4096 1034 4161 tenuia
1053 4097 1134 4160 mihi
1152 4095 1316 4181 deprehen·

180 4200 265 4266 disse
293 4203 410 4267 videor.
456 4203 670 4270 Continentur
698 4227 736 4270 ea
763 4227 895 4269 recensu
924 4204 982 4268 illo
1006 4204 1217 4288 scriptorum,
1243 4222 1317 4287 quos

180 4331 252 4374 cum
285 4309 427 4374 utilitate
447 4312 567 4397 ⁸futuro
605 4313 727 4377 oratori
764 4312 918 4397 legendos
955 4310 1169 4376 commendat.
1228 4306 1316 4392 Apud

181 4415 433 4494 Quinctilianum
457 4417 520 4482 LX
546 4440 571 4481 e.
591 4421 605 4482 l
623 4441 642 4482 a
661 4419 749 4503 546,
773 4419 828 4483 ubi
848 4417 934 4482 aliud
957 4439 1091 4502 prorsus
1110 4420 1207 4502 atque
1221 4414 1317 4480 Varro
