2932 5026
402 119 481 166 srva
504 118 747 166 ussnousovu
772 117 876 163 urnar.
1147 98 1212 162 559

10 264 20 301 ³
106 259 293 326 etOiceronis'
308 262 507 345 imaginibus
527 261 664 325 serratis
688 266 782 325 tauta
805 265 974 344 praeterea
991 257 1212 323 Romanorum

10 366 21 375 “
105 367 173 449 eopia
191 371 354 433 oratorum
377 373 411 432 et
433 374 601 454 tamquam
625 368 792 432 affluentia
815 366 1018 450 suppetebat,
1042 370 1091 445 ut,
1115 386 1213 448 quam

106 470 204 538 difficile
229 479 315 538 esset
346 475 550 559 philosophis
567 466 739 540 *Romanis
768 473 817 537 vel
847 495 944 536 unam
975 456 1212 535 hebdomadam

105 576 220 644 resarcire
246 578 324 664 (nisi
356 580 442 646 forte
474 582 537 646 huc
565 582 659 646 asciti
688 581 837 644 rhetores
865 579 985 663 erant),
1018 583 1086 642 tam
1118 577 1213 642 facile

106 704 152 747 nun
172 686 258 769 duae,
290 686 347 750 sed
375 691 442 750 tres
471 688 504 752 in
533 688 718 772 eloquentia
746 686 964 752 hebdomades
993 686 1213 750 Romanarum

10 792 26 813 '¹
106 787 248 875 imaginum
288 793 463 877 prodirent
522 794 550 858 Ε
591 794 708 879 quibus
751 817 849 859 unani
891 793 1035 857 servavit
1073 793 1212 856 fortasse

106 894 321 982 titalianus,
344 901 430 982 apud
453 923 549 985 quem
571 899 944 987 excipiuntCiceronem
968 900 1041 963 inde
1066 922 1085 961 a
1108 902 1128 977 ξ
1152 899 1212 961 113

55 1092 59 1099 Ι
105 1001 205 1069 Asinius
225 1005 340 1089 Pollio,
363 1006 528 1089 Messalla,
549 1005 584 1072 O.
608 1007 736 1089 Caesar,
761 1006 900 1088 Caelius,
926 1005 1058 1086 Calvus,
1083 1002 1212 1068 Servius

10 1132 17 1140 ·
106 1103 247 1196 Sulpicius,
274 1110 405 1177 Cassius
429 1110 580 1177 Severus:
607 1115 671 1178 nisi
699 1115 783 1197 quod
811 1136 870 1196 pro
899 1111 933 1176 O.
958 1111 1110 1193 Caesare,
1138 1111 1213 1173 huie

92 1213 126 1291 ,si
140 1216 208 1283 forte
228 1241 306 1284 suus
329 1220 409 1284 alibi
432 1221 522 1284 locus
545 1243 716 1285 concessus
740 1220 815 1302 fuit,
842 1220 930 1283 nullo
953 1218 1087 1301 negotio
1112 1217 1213 1280 alium

104 1325 247 1402 quenlibet
283 1348 301 1390 e
338 1326 501 1391 Tullianis
538 1329 571 1392 in
607 1327 711 1391 Bruto
748 1326 849 1410 copiis
886 1347 1038 1391 arcesses.
1085 1323 1214 1398 Quanta

102 1431 183 1495 uum
215 1433 247 1497 in
278 1431 406 1497 Latinis
445 1433 561 1497 litteris
598 1439 777 1514 oratorum,
815 1437 909 1496 tanta
946 1429 1214 1515 philosophorum

102 1534 274 1608 sobrinum
298 1540 332 1604 in
357 1538 490 1604 Graecis
514 1540 716 1604 abundantia
739 1539 812 1603 fuit:
842 1561 880 1602 ex
908 1538 960 1602 his
985 1538 1121 1600 utitem
1145 1558 1215 1619 per·

99 1646 320 1711 asmodeum
340 1646 421 1710 duae
441 1650 579 1726 tantum,
602 1645 657 1708 sed
679 1652 745 1709 tres
764 1643 982 1708 hebdomades
1000 1645 1123 1724 fierent,
1146 1643 1215 1704 sive

96 1742 148 1808 tr0⁸
175 1750 274 1816 Varro
307 1757 432 1816 aetates
464 1751 701 1835 distinguebat,
735 1753 802 1816 sive
834 1754 996 1815 sectarum
1029 1749 1215 1813 discrimina

91 1857 277 1936 sonetum,
302 1859 369 1922 sive
392 1881 410 1922 e
433 1857 601 1941 dignitatis
625 1858 852 1921 aestimatione
871 1856 962 1941 (nam
987 1857 1064 1920 haec
1088 1876 1215 1939 quoque

88 1946 112 2009 ⁰5
129 1964 209 2028 rasio
236 1964 409 2049 aliquando
439 1966 565 2048 placere
594 1962 714 2047 potuit)
743 1964 903 2046 triplicem
928 1964 1073 2027 ordinem
1097 1961 1214 2025 cousti-

85 2052 196 2134 henas
235 2070 284 2134 Ac
308 2070 346 2134 de
369 2070 503 2135 Graecis
529 2070 658 2154 quidem
683 2092 754 2133 cunr
778 2071 909 2133 omnino
933 2092 997 2133 nou
1022 2069 1215 2149 laboremus,

76 2160 187 2240 ‘llllbus
213 2176 279 2240 fere
309 2176 413 2240 modis
441 2174 584 2261 (quando
614 2198 679 2240 non
709 2199 790 2240 unus
819 2174 976 2259 suppetit)
1005 2198 1063 2258 per
1089 2180 1214 2257 septem

71 2256 288 2348 hebdomadas
311 2283 503 2348 distributos
528 2284 702 2366 scriptores
722 2283 822 2346 menti
841 2286 971 2346 nostrae
995 2282 1215 2365 informemus,

67 2363 101 2430 ³⁰
127 2378 290 2453 Romanis
314 2411 354 2454 ne
379 2388 453 2473 quid
479 2389 635 2453 hariolari
661 2389 826 2453 videamur
850 2394 978 2470 praeter
1001 2387 1033 2451 id
1058 2388 1143 2470 quod
1163 2410 1213 2451 res

64 2471 212 2579 flagitat,
239 2497 319 2560 satis
349 2495 469 2560 dictum
498 2496 560 2560 hoc
587 2502 670 2577 esto,
703 2502 769 2559 tres
798 2494 1017 2558 hebdomadas
1048 2499 1213 2558 oratorum

29 2680 32 2685 Ι
62 2592 175 2684 “cipi
202 2602 244 2668 ab
271 2601 502 2666 historicorum
530 2602 654 2665 duabus
683 2601 840 2684 potuisse,
869 2600 921 2663 his
944 2599 1214 2682 philosophorum

60 2703 169 2769 ”flam
192 2707 358 2791 subiungi,
383 2708 487 2771 desini
511 2708 543 2770 in
567 2730 632 2771 una
656 2706 856 2771 hebdomade
880 2705 1034 2769 miscella.
1064 2744 1105 2751 ——
1139 2707 1215 2770 Pos-

59 2789 176 2876 tre1110
199 2814 234 2876 in
258 2813 320 2877 hac
343 2823 434 2896 parte
458 2837 522 2877 non
547 2818 596 2878 est
624 2812 945 2896 praetermittendum
970 2812 1067 2876 Nonii
1096 2836 1125 2895 p.
1149 2814 1213 2877 528

57 2895 291 3012 testimonium
315 2921 399 3004 quod
419 2927 469 2984 est
487 2920 567 2984 tale:
592 2920 708 2984 ‘lucis
727 2943 861 2983 numero
884 2921 1010 3003 plurali,
1034 2920 1117 3004 quod
1138 2926 1215 2982 sursit

58 2999 149 3090 ‘¹¹ss8.
180 3025 283 3092 Varro
304 3044 540 3090 aanomnnuiu
566 3028 625 3090 sub
648 3028 791 3110 imagine
812 3025 972 3089 Demetri'
997 3049 1070 3108 eq.
1091 3049 1114 3090 s.
1149 3026 1213 3089 l'bi

60 3111 135 3192 elssi
156 3133 250 3195 multi
279 3132 416 3216 cogitari
445 3138 581 3215 possunt
609 3134 662 3216 qui
692 3132 913 3194 interciderint
940 3133 1077 3212 numeri,
1105 3139 1213 3195 tumen

64 3229 194 3333 lullum
227 3244 295 3302 tam
328 3240 362 3302 in
395 3239 576 3321 propinquo
609 3261 678 3302 esse
708 3243 842 3320 apparet
877 3261 970 3321 quani
1005 3238 1058 3320 qui
1087 3237 1214 3300 iteratis

66 3319 189 3409 htteris
213 3345 366 3409 extremis
389 3343 512 3427 prodit:
536 3362 768 3409 aiinonrsnum
796 3346 851 3408 iiiii
875 3346 905 3408 h.
927 3368 952 3408 o.
976 3343 1213 3408 hebdomadum

74 3449 194 3514 octavo.
238 3450 360 3526 Quodsi
399 3473 436 3513 eo
475 3452 508 3513 in
546 3451 628 3513 libro
666 3450 856 3515 Demetrii
890 3451 1067 3515 Phalerei
1106 3452 1214 3533 imago

10 3550 12 3605 ἓ
79 3557 239 3621 conlocata
266 3562 350 3638 erat,
380 3556 466 3620 vides
497 3578 592 3640 quam
621 3557 653 3619 id
678 3564 753 3640 apte
783 3559 815 3621 iu
845 3539 1045 3642 propositam
1075 3581 1094 3620 a
1122 3558 1215 3620 uobis

83 3660 291 3745 tlpro'virili
314 3666 407 3744 parte
427 3661 684 3726 commendatam
709 3664 917 3744 partitionem
943 3664 1086 3746 quadret,
1111 3687 1127 3726 e
1151 3686 1215 3746 qua

83 3759 163 3831 illum
186 3769 295 3851 ipsum
319 3767 436 3830 librum
462 3790 534 3830 cum
558 3769 674 3831 ceteris
699 3771 910 3851 scriptoribus
934 3773 1079 3833 oratores
1100 3767 1215 3832 Graeci

81 3874 281 3958 occupabant

157 3980 196 4044 ln
225 3981 363 4064 quinta
390 3979 494 4044 classe
526 3981 623 4044 facile
657 3982 823 4045 intellectu
856 3988 905 4045 est
937 3982 1076 4064 primuni
1109 3983 1215 4047 locum
1229 4002 1285 4041 x1v

75 4107 128 4150 nec
146 4085 334 4150 architectis
352 4108 411 4150 nec
431 4086 561 4150 medicis
581 4087 693 4150 datum
714 4110 792 4150 esse.
829 4087 929 4162 Quem
951 4089 1035 4152 enim
1059 4091 1214 4173 praeponi

70 4192 215 4276 potuisse
233 4192 440 4257 Ausonianae
465 4192 716 4256 architectorum
741 4194 934 4258 hebdomadi
958 4197 1214 4260 existimabimus
