2932 5026
174 291 241 356 374
596 305 645 352 ns
669 305 704 351 11.
726 302 902 351 vsuuours

171 472 247 535 qam
268 450 386 528 sotori,
417 453 452 513 ut
477 469 499 512 o
525 446 613 513 verbo
640 448 694 512 edo
716 447 752 511 ia
774 446 958 529 museum
979 446 1046 512 suis
1068 447 1190 513 caestus
1212 447 1302 514 disere

169 561 270 641 peret.
292 556 367 621 01110
384 576 453 620 oero
471 555 573 619 visum
595 573 657 620 esse
679 554 734 636 ait,
756 558 792 617 et
813 554 1016 636 aspirationis
1037 559 1113 619 noto
1135 555 1217 621 heae
1238 556 1302 637 dim

175 665 308 730 renuam
328 663 451 743 faceret,
473 666 502 725 et
523 662 658 726 muniere
675 666 838 744 propterea
861 662 936 743 qma
954 660 1075 740 Sabini,
1097 683 1119 726 o
1137 663 1252 745 quitus
1263 663 1302 729 R<

176 772 265 836 moni
286 770 341 835 hoo
362 790 474 834 nautea
495 767 634 850 habuere,
655 768 744 848 fedus
762 768 904 832 dicebant
920 772 1092 851 certumque
1109 775 1155 834 est
1167 769 1302 836 Romaene

136 903 163 942 oe
174 880 197 959 f
212 879 401 944 Sabinorum
429 878 463 941 iu
490 875 511 940 t
536 876 642 941 solitos
668 879 844 939 convertere.
889 874 1001 941 Setini
1029 877 1112 941 euim
1133 878 1240 959 firmes,
1266 877 1302 943 u

176 987 265 1051 moni
291 985 408 1062 hirsus,
438 984 489 1049 illi
517 983 627 1064 eafae,
657 982 796 1047 Romani
823 981 926 1046 vehere
949 984 1154 1065 protulerunt.
1201 984 1302 1061 Quibu

178 1093 258 1158 adde
275 1073 323 1157 ‘ab
347 1090 460 1156 eodem
474 1089 613 1174 Apuleio
637 1089 676 1154 de
698 1093 779 1154 nota
802 1089 900 1171 aspir.
923 1112 953 1172 p.
968 1090 1012 1154 94
1036 1088 1234 1176 (0111104)
1256 1091 1302 1156 bre

178 1200 249 1264 vius
273 1199 470 1285 significata:
502 1197 634 1262 Morosa
658 1197 819 1261 Terentius
840 1196 947 1261 scribit
967 1196 1078 1262 11011100
1102 1199 1211 1282 linquo
1232 1198 1302 1265 Seu

178 1328 290 1371 norom
310 1307 416 1387 fedum
438 1310 577 1370 vocatam
596 1303 811 1386 Rooeooosque
834 1304 1090 1386 competentes
1105 1327 1168 1388 pro
1189 1327 1223 1372 eo
1245 1328 1302 1389 quc

178 1419 223 1478 est
241 1415 332 1494 fedus
353 1414 502 1496 imbuisse,
523 1413 603 1477 sieut
624 1410 727 1477 hircus
743 1433 805 1494 pro
826 1413 922 1494 firmes
943 1417 971 1475 et
990 1411 1110 1476 orauere
1125 1434 1187 1495 pro
1205 1415 1302 1495 trefe·

181 1520 269 1596 Quae
292 1519 419 1583 fallitur
441 1518 616 1583 Muellerus
649 1540 721 1582 cum
755 1518 878 1583 alibro
903 1517 932 1582 V
962 1517 1001 1582 de
1030 1517 1051 1584 1.
1075 1518 1133 1587 lat.
1160 1523 1181 1600 ξ
1203 1521 1244 1584 91
1271 1520 1302 1592 l:

180 1626 287 1691 verbis
312 1625 392 1689 satis
415 1625 559 1709 profesto
584 1624 720 1689 diversis
743 1625 864 1690 hausta
881 1628 990 1709 putat:
1015 1626 1106 1704 iocus,
1122 1628 1205 1708 quod
1216 1627 1302 1693 sae-

179 1735 289 1815 1110110
312 1733 394 1813 quod
414 1733 480 1796 illio
500 1732 598 1812 fedus,
620 1733 656 1795 ia
673 1732 766 1796 Latio
789 1753 863 1796 rure
884 1732 975 1806 edum
997 1733 1052 1813 qui
1073 1733 1109 1796 ia
1131 1732 1213 1810 arte,
1234 1738 1268 1797 ut

100 1914 104 1922 ,
180 1840 286 1923 multas
309 1861 330 1903 o
352 1840 465 1917 addito,
488 1840 592 1904 sedus.
638 1838 821 1903 Mirabilius
846 1838 945 1903 etiam
968 1837 1146 1903 Muellerus
1168 1839 1302 1912 Varro]

181 1945 256 2011 exili
279 1944 342 2009 hae
365 1945 534 2009 notatione
562 1947 582 2025 ξ
608 1945 684 2010 106:
717 1944 864 2009 hordeum
891 1944 930 2008 ab
957 1944 1097 2029 10111110,
1119 1946 1302 2032 neglegam

181 2073 275 2116 usum
298 2072 368 2115 asse
392 2052 567 2134 Apuleium
594 2074 624 2135 p.
652 2053 711 2117 107
741 2052 831 2117 dicit:
869 2053 1002 2117 Morsus
1034 2057 1137 2118 tomen
1164 2054 1263 2120 Varro

182 2159 260 2224 libro
286 2160 322 2222 de
349 2158 466 2240 oriqine
493 2157 610 2222 latinae
638 2159 762 2241 linquae
789 2159 828 2223 ob
855 2159 965 2224 hordeo
992 2159 1137 2225 horream
1158 2162 1302 2229 mama

182 2267 311 2347 aspiret,
332 2263 478 2329 oneum
501 2286 568 2329 uero
591 2264 772 2330 abhorrere
790 2267 1064 2330 troetamdioitur.
1094 2265 1166 2343 Quo
1180 2289 1302 2355 exemp

182 2372 264 2437 nihil
292 2369 357 2434 nisi
385 2370 446 2436 hoe
474 2369 690 2454 intellegitur,
714 2369 801 2453 quod
825 2370 924 2435 etiam
948 2370 1077 2436 aliunde
1101 2377 1241 2458 constat,
1273 2397 1302 2439 γι

183 2478 333 2543 similiter
355 2479 390 2543 iu
414 2478 550 2543 diversis
575 2477 824 2561 commentariis,
847 2478 897 2542 vel
922 2478 1003 2544 adeo
1026 2479 1302 2571 1111111011111010Ι

185 2586 295 2651 eodem
320 2587 479 2651 uocabulo
503 2584 684 2650 Varronem
708 2585 903 2671 statuisse.*)
936 2584 1037 2650 Velut
1059 2586 1098 2652 de
1123 2587 1144 2652 l.
1167 2589 1188 2652 l.
1210 2587 1246 2671 V,
1260 2587 1302 2653 lfi

184 2717 256 2758 eum
280 2696 384 2758 oedem
407 2693 504 2757 duest
525 2692 565 2755 ol>
587 2693 686 2769 aditu,
708 2693 789 2772 quod
800 2693 898 2773 pleno
912 2695 988 2775 pede
1006 2695 1144 2779 odibant,
1167 2692 1302 2781 longari

184 2821 312 2864 versum
346 2799 499 2883 quiddam
531 2802 673 2863 testatur
700 2798 857 2881 Apuleius
889 2821 920 2882 p.
946 2800 1022 2864 127:
1054 2804 1155 2886 aedes,
1186 2802 1258 2884 quod
1276 2817 1302 2865 c

184 2908 295 2971 edendo
326 2907 491 2972 secundum
525 2904 694 2968 Varronem
726 2905 898 2970 derivatim
930 2912 982 2971 est.
1029 2907 1101 2972 1100
1133 2908 1233 2993 igitur
1257 2929 1302 2974 nu

184 3013 368 3076 dubitamus
397 3011 437 3075 ad
462 3010 563 3074 libros
588 3010 626 3073 de
650 3010 776 3093 origine
800 3011 820 3073 1.
843 3012 864 3075 l.
888 3012 1019 3078 referre:
1053 3037 1234 3099 quanquam
1254 3017 1302 3100 plu

184 3119 287 3182 rimae
315 3138 393 3180 sane
417 3116 549 3198 Apuleii
577 3116 809 3200 originationes
834 3118 993 3183 Varronis
1020 3122 1146 3186 nomini
1171 3124 1302 3207 ascripta

184 3223 230 3310 (p.
256 3223 328 3287 129.
355 3223 426 3288 135.
452 3223 524 3288 139.
550 3223 623 3287 141.
648 3224 719 3287 142.
747 3223 823 3309 143)
856 3247 873 3289 0
904 3225 1026 3289 nostris
1059 3226 1098 3290 de
1131 3226 1151 3291 1.
1184 3227 1204 3291 l.
1235 3229 1302 3294 libt

184 3332 360 3395 fluxerunt:
396 3350 462 3393 non
487 3326 611 3410 omnes,
638 3332 675 3392 ut
698 3351 729 3411 p.
756 3330 819 3392 145
842 3331 1024 3414 proposita,
1053 3354 1113 3397 nee
1136 3336 1302 3418 generalite

184 3441 393 3520 praeceptum
417 3459 447 3520 p.
475 3436 545 3499 132.
570 3472 613 3482 -
638 3435 730 3511 Quod
754 3441 860 3500 autem
886 3459 944 3519 pro
969 3439 1076 3503 libris
1101 3441 1139 3505 de
1164 3442 1243 3528 orig.
1263 3443 1282 3508 l

184 3567 249 3608 uno
274 3543 405 3625 Apuleii
430 3544 501 3608 loeo
525 3565 593 3606 ss.
618 3540 663 3627 (p.
690 3542 766 3628 107)
790 3544 882 3607 liber
905 3545 1014 3627 prodit
1037 3547 1258 3632 singulariter,
1285 3570 1302 3614 ε

185 3650 253 3714 noli
277 3651 325 3712 its
348 3649 449 3731 abuti,
472 3653 509 3711 ut
531 3671 658 3712 rursum
683 3649 723 3712 ad
747 3650 889 3733 primum
913 3650 952 3713 de
971 3650 991 3713 1.
1007 3651 1026 3714 1.
1046 3653 1166 3717 librum
1185 3655 1302 3721 relaba!

186 3753 404 3820 coniectandu
436 3754 523 3819 Nam
547 3755 650 3820 libros
675 3756 782 3839 fuisse,
805 3778 871 3820 non
894 3756 1023 3841 librum,
1047 3759 1164 3842 quibus
1188 3759 1226 3824 de
1244 3761 1302 3826 litt

186 3885 294 3927 rarum
322 3862 503 3927 rationibus
528 3862 632 3926 Varro
661 3864 824 3948 exposuit,
858 3864 940 3928 alius
969 3887 1096 3950 quoque
1126 3870 1302 3950 grammati

185 3968 382 4034 testimoniis
407 3969 564 4055 arguitur,
587 3967 734 4051 Pompeii
759 3969 791 4033 in
815 3973 996 4034 commento
1021 3972 1100 4037 artis
1116 3971 1238 4040 Donati
1255 3982 1302 4061 p.⁴

265 4234 291 4303 *1
311 4234 370 4289 Ηο0
390 4235 507 4290 Varroni
527 4252 673 4289 commune
693 4238 817 4290 osteum
836 4236 900 4291 aliis
920 4237 1112 4305 grammaticis
1131 4242 1302 4309 πολυγρᾰφε

185 4328 218 4379 nt
236 4323 384 4393 Apollonio
402 4324 625 4393 Euodiumque,
645 4324 679 4378 de
698 4325 799 4393 quibus
817 4325 1016 4394 intellegenter
1034 4330 1066 4381 ut
1083 4327 1188 4382 assolet
1202 4329 1302 4384 Lehm·

185 4413 279 4467 noster
297 4410 325 4464 in
343 4412 412 4465 Mus.
432 4413 530 4482 philol.
549 4415 574 4468 ll
594 4432 621 4483 p.
643 4419 692 4468 119
703 4432 742 4482 sq.
