2932 5026
171 282 236 348 294
582 300 630 347 nn
654 297 907 347 auannarrona

172 443 276 507 maior
308 442 393 507 solet
424 441 580 527 gliscente
612 441 686 507 labe
720 442 867 526 pravitas
900 464 985 526 csse,
1016 446 1054 506 ut
1086 441 1324 528 aequiparandi

171 550 275 614 tribus
298 549 365 613 illis
389 549 526 614 vetustis
550 550 645 633 pauci
669 549 852 633 videantur,
881 548 968 614 infra
991 571 1102 614 eorum
1125 549 1326 634 bonitatem,

173 679 269 741 quam
288 657 394 740 ipsam
412 655 532 721 rectius
553 657 810 722 mediocritatem
829 655 956 741 dixeris,
974 656 1071 751 longe
1090 656 1228 742 plurimi
1246 658 1325 722 sub·

173 765 298 828 sistant.
344 762 406 839 Qui
429 766 537 828 autem
561 785 600 828 ex
624 764 739 847 quibus
763 786 821 849 per
844 786 924 847 quas
947 763 1205 848 propinquitatis
1229 764 1325 830 vicis·

174 871 330 935 situdines
358 871 536 955 manarint,
568 871 601 935 id
630 872 759 956 quidem
783 892 868 935 nunc
892 872 1074 937 accuratius
1097 871 1177 936 sciri
1200 875 1235 936 et
1257 871 1325 937 sin·

174 978 314 1063 gillatim
343 978 504 1042 enucleari
527 979 654 1063 nequit,
688 978 744 1044 sed
772 978 928 1044 facillime
956 979 1104 1065 indagari
1133 978 1247 1044 ascitis
1271 979 1325 1044 vel

174 1085 252 1150 solis
266 1086 468 1151 nostratibus
483 1086 610 1170 aliquot
623 1086 788 1152 codicibus
803 1087 934 1170 poterit,
952 1087 1043 1151 velut
1055 1085 1326 1170 Guelferbytanis

175 1196 246 1258 octo
275 1189 328 1278 (cf.
352 1193 465 1258 Eberti
489 1193 573 1258 Bibl.
597 1193 703 1259 Guelf.
726 1217 757 1278 p.
783 1195 846 1258 160
860 1193 945 1280 sqq.)
972 1194 1023 1258 rel
1051 1193 1323 1258 Berolinensibns

124 1343 130 1349 -
175 1296 465 1385 Rehdigeranisve,
489 1299 664 1382 Gothanis,
687 1298 1009 1385 Vindobonensibus,
1030 1298 1209 1384 lipsiensi,
1232 1298 1324 1376 ⁸aliis.

174 1403 243 1470 Nec
270 1406 395 1470 mirum
427 1410 478 1471 est
509 1407 543 1470 in
577 1405 770 1490 quibusdam
801 1407 911 1491 libris,
942 1410 980 1471 ut
1007 1406 1058 1472 vel
1085 1429 1125 1473 ax
1152 1400 1325 1492 proposita

176 1511 354 1595 scripturae
382 1511 568 1577 diversitate
591 1510 814 1596 Adelphorum
837 1512 1048 1597 intellegitur,
1077 1517 1253 1599 utramque
1275 1536 1322 1580 ra

176 1618 361 1683 censionem
394 1619 484 1684 vario
517 1621 775 1703 temperamento
808 1618 944 1683 mixtam
976 1641 1147 1704 apparere,
1185 1643 1212 1686 a.
1235 1642 1262 1686 c.
1289 1621 1321 1686 in

183 1725 421 1791 Vindoboacnsi:
455 1727 549 1810 quale
580 1726 740 1791 librorum
772 1746 875 1811 genus
905 1746 977 1790 cum
1005 1748 1101 1810 saepe
1131 1726 1259 1792 accidat
1287 1732 1321 1793 ut

176 1831 291 1897 merito
321 1837 372 1896 sat
399 1831 510 1917 magni
538 1831 741 1914 aestimetur,
773 1835 882 1896 tamen
910 1831 1045 1897 minoris
1068 1833 1120 1897 vel
1143 1834 1268 1899 nullius
1288 1835 1321 1900 in

176 1939 327 2004 Terentio
351 1938 507 2003 momenti
531 1942 590 2021 est,
613 1938 703 2002 cuius
727 1937 821 2002 binas
845 1938 1049 2004 recensiones
1068 1938 1167 2006 liceat
1185 1941 1272 2007 inter
1288 1964 1321 2007 se

108 2110 110 2114 ,
176 2047 332 2111 discretas
365 2068 403 2110 ex
433 2045 514 2129 ipsis
544 2045 744 2129 principibus
774 2044 922 2110 fontibus
952 2050 1069 2130 petere.
1120 2047 1323 2134 Omninoque

177 2151 344 2218 verissime
363 2175 383 2216 a
396 2151 587 2238 Boettigero
607 2151 686 2216 illud
710 2173 780 2216 esse
805 2151 926 2216 dictum
945 2157 1106 2238 putamus,
1129 2153 1324 2221 Bambinum

176 2264 209 2323 at
233 2258 365 2323 alterius
389 2259 532 2325 familiae
555 2260 663 2325 fontes
688 2259 743 2343 qui
761 2263 849 2325 recte
867 2261 956 2325 norit
976 2261 1081 2345 iisque
1094 2259 1219 2327 Donati
1237 2261 1323 2348 frag·

176 2370 286 2431 menta
309 2365 500 2450 adiunxerit,
523 2366 557 2431 in
580 2368 711 2431 centum
733 2367 800 2431 fere
819 2366 984 2433 codicibus
1004 2367 1138 2452 reliquis
1156 2367 1213 2432 vix
1232 2369 1324 2453 quin·

175 2475 345 2560 quaginta,
368 2496 506 2558 quarum
530 2473 648 2559 aliquis
673 2495 742 2538 esse
766 2496 843 2538 usus
866 2474 982 2558 possit,
1005 2473 1183 2558 scripturas
1207 2474 1326 2541 diacre

177 2582 307 2666 pantias
339 2581 560 2645 inventurum:
598 2602 635 2644 ac
667 2580 806 2645 fortasse
839 2579 890 2644 vel
923 2579 976 2645 hic
1008 2603 1161 2646 numerus
1193 2582 1328 2648 nimius.

176 2689 291 2773 Itaque
315 2711 388 2753 cum
411 2688 540 2753 critices
554 2686 776 2770 Terentianae,
800 2692 959 2771 quatenus
979 2708 996 2751 e
1015 2688 1209 2771 scriptorum
1228 2688 1329 2756 libro·

177 2820 249 2861 rum
269 2795 425 2861 memoria
439 2799 517 2879 apta
536 2798 595 2877 est,
614 2816 742 2859 summa
761 2794 965 2858 contineatur
982 2794 1016 2858 in
1034 2795 1136 2878 probe
1153 2801 1329 2881 perspecta

178 2901 330 2987 Calliopii
345 2924 453 2986 opera,
471 2902 511 2966 de
525 2901 588 2966 hac
602 2901 713 2985 paucis
728 2898 951 2965 disserendum
966 2904 1024 2964 ast.
1052 2900 1202 2966 Instituit
1216 2908 1329 2969 autam

179 3011 233 3074 ille
258 3009 311 3093 (de
335 3031 399 3092 quo
424 3008 557 3092 copiosa
581 3011 689 3072 exstat
710 3007 837 3071 Barthii
861 3007 1040 3090 disputatio
1054 3005 1328 3096 duumviro)

138 3137 162 3175 11
177 3139 242 3181 non
257 3116 401 3180 Terentii
424 3120 562 3198 tantum,
586 3114 641 3180 sed
664 3114 772 3180 Plauti
797 3136 924 3199 quoque
948 3115 1177 3199 recensionem,
1199 3136 1266 3200 quo
1287 3113 1329 3180 dc

179 3223 363 3288 monuimus
388 3223 421 3286 in
447 3221 700 3286 Zimmermanni
723 3221 813 3286 Diar.
836 3221 914 3306 phil.
940 3243 968 3286 a.
995 3222 1077 3286 1837
1107 3243 1137 3304 p.
1162 3220 1237 3286 738.
1264 3220 1329 3285 746

179 3329 308 3414 [Opusa
323 3328 356 3393 ΙΙ
379 3328 603 3414 ρ.167.179],
626 3328 829 3413 similemque
853 3329 918 3393 illis
941 3330 1047 3413 poetis
1071 3350 1205 3413 operam
1219 3313 1329 3414 ⁴atque

177 3435 602 3522 HoratioVettiusAgorius
612 3435 756 3500 Basilius
767 3434 948 3501 Mavortius
958 3455 1032 3499 cum
1041 3433 1201 3520 Magistro
1211 3433 1330 3519 Felice,

177 3544 322 3628 Vergilio
338 3549 371 3608 et
381 3542 511 3608 Sedulio
521 3544 655 3608 Turcius
671 3542 783 3607 Rufius
799 3543 1007 3628 Apronianus
1024 3541 1183 3626 Asterius,
1192 3540 1329 3607 Valerio

178 3650 319 3715 Maximo
330 3649 502 3714 Helvidius
513 3649 703 3734 Domnulus,
711 3648 843 3715 Caesari
852 3650 956 3715 Iulius
967 3650 1082 3716 Celsus
1093 3646 1330 3714 Obnstantinus

179 3763 212 3821 et
239 3755 371 3820 Flavius
399 3754 542 3820 Licerius
571 3754 734 3819 Firminus
758 3755 933 3840 Lupicinus
960 3757 1106 3822 navavit:
1135 3755 1198 3820 vid.
1222 3754 1330 3820 Bentl.

178 3863 277 3947 praef.
291 3862 369 3927 Hor.
383 3887 414 3947 p.
430 3861 475 3946 X,
500 3861 602 3944 Heyn.
622 3862 655 3926 in
670 3860 767 3948 Verg.
782 3864 845 3928 vol.
854 3862 902 3928 IV
921 3886 953 3948 p.
967 3864 1031 3928 607
1043 3884 1113 3948 sqq.
1132 3861 1180 3927 ecl
1198 3861 1330 3942 noviss,

56 3959 60 3969 ¹
178 3969 463 4054 doctissimumque
487 3968 649 4055 collegam
673 3969 903 4035 Schneiderum
927 3971 966 4036 de
990 3970 1065 4036 bell.
1074 3969 1167 4053 Hisp.
1183 3991 1244 4035 scr.
1258 3991 1289 4054 p.
1299 3970 1330 4034 6.

179 4075 230 4140 Ex
255 4076 371 4160 quibus
394 4078 531 4142 invicem
550 4078 637 4142 inter
655 4098 689 4140 se
708 4077 848 4161 collatis,
868 4100 950 4162 quae
969 4077 1019 4141 vis
1039 4075 1084 4140 sit
1102 4074 1263 4141 eiusmodi
1281 4097 1330 4140 re·

181 4182 348 4265 censionis,
367 4185 581 4269 perspicietis,
599 4184 760 4268 iidemque
779 4185 930 4250 instituta
942 4183 1094 4249 Bembini
1108 4180 1331 4266 Calliopiano-

180 4313 315 4376 rumque
339 4290 496 4356 librorum
522 4292 772 4376 comparatione,
796 4294 954 4376 quantum
978 4294 1012 4355 et
1035 4313 1092 4355 cur
1114 4293 1147 4354 et
1165 4288 1330 4374 quomodo

178 4398 231 4463 his
259 4397 316 4462 ille
343 4401 500 4482 praestet,
527 4398 718 4464 certissimis
747 4397 949 4486 argumentis
977 4396 1187 4486 indagabitis.
1234 4395 1329 4476 Quod
