2932 5026
176 314 241 379 336
448 329 688 391 Qvausmouss
712 327 1049 377 ononaroaourcaa.

176 477 225 537 ter
248 471 529 556 Lemniselene‚
557 473 705 557 quamvis
729 470 956 556 aliquomodo
981 470 1220 554 opitulantibus
1241 472 1268 535 Δ

176 583 333 660 νυςικλῆς,
362 581 600 660 Διονυςίδωρος
629 579 714 663 apud
737 577 772 643 C.
791 578 930 643 Keilium
950 577 1044 642 Anal.
1067 578 1170 662 epigr.
1193 584 1226 643 et
1243 601 1269 644 or

176 687 287 751 matol.
317 709 347 770 p.
373 687 449 752 169:
478 710 536 753 nec
561 686 767 751 Calidorus
798 683 1063 769 αΚαλίδωρος*)
1095 685 1203 767 potius
1225 707 1269 769 qna

132 817 196 858 vra
220 793 450 873 Καλόδωρος
473 791 525 878 (ut
545 790 715 879 Καλονίκη)
738 791 900 857 duximus:
924 814 1001 856 nam
1020 791 1058 854 de
1079 791 1269 872 Καλλίδωρ

176 900 305 984 quidem
332 900 403 965 fieri
431 898 638 965 Calidorus
663 899 715 963 vix
744 898 860 982 potuit.
903 896 996 962 Vnde
1019 897 1171 983 progredi
1195 898 1269 984 long

176 1006 288 1071 licebit
311 1012 344 1072 et
363 1008 401 1072 de
420 1007 560 1072 Euclio
579 1007 685 1070 forma
703 1005 852 1070 dubitare
870 1027 946 1070 num
967 1025 1121 1089 graecum
1140 1007 1269 1090 exempli

176 1113 316 1178 Εὐκλίων
347 1137 390 1179 an
413 1115 586 1180 Εὐκλέων
616 1114 739 1196 potius,
768 1115 804 1177 nt
833 1114 1026 1194 Παγκλέων,
1056 1111 1217 1177 habuerit.
1258 1112 1269 1177 l

177 1221 333 1305 exemplis
357 1219 627 1306 quemadmodum
651 1242 660 1283 1
681 1219 716 1282 in
734 1240 750 1283 e
767 1219 909 1303 transiit,
931 1219 979 1283 ita
996 1216 1172 1283 videndum
1190 1239 1230 1282 ne
1246 1240 1269 1282 α

176 1328 312 1392 trarium
336 1326 545 1393 cecideritin
568 1323 713 1412 Saurea
735 1325 879 1408 nomine,
903 1325 941 1389 de
966 1324 1055 1389 cuius
1079 1344 1199 1409 graeca
1216 1325 1268 1389 -for

139 1466 142 1471 >
176 1435 339 1514 (αυρίὰς
370 1437 511 1517 constat,
544 1432 582 1497 de
606 1432 775 1512 (αυρέας
803 1454 868 1497 non
891 1432 984 1495 item:
1018 1453 1214 1515 quamquam
1240 1433 1269 1497 ni

176 1545 226 1605 est
255 1556 412 1607 sane‘cnr
434 1541 581 1625 potuisse
604 1543 777 1622 utramque
805 1561 864 1603 usu
888 1538 997 1602 venire
1019 1558 1175 1623 negemus
1200 1543 1236 1602 ut
1258 1541 1269 1604 λ

178 1647 266 1727 βρίας
290 1652 322 1712 et
347 1650 504 1732 Χαβρέας,
535 1645 671 1711 Καλλία(
694 1649 727 1711 et
752 1647 894 1710 Καλλέα(
917 1649 950 1709 et
973 1666 1055 1730 quae
1078 1643 1174 1710 huius
1197 1666 1269 1731 gene

176 1755 315 1838 plurima
339 1754 465 1819 Keilius
489 1753 672 1837 composuit
694 1754 715 1818 l.
738 1775 763 1818 c.
788 1775 817 1837 p.
843 1754 882 1817 71
900 1775 945 1836 sq.
971 1752 1013 1816 74
1029 1775 1076 1837 sq.
1102 1752 1175 1817 152.
1198 1753 1262 1817 246

177 1860 297 1926 Mirum
325 1866 434 1926 autem
458 1861 514 1944 sit,
541 1861 568 1924 si
593 1883 611 1923 o
634 1860 745 1924 littera
769 1859 802 1923 in
825 1880 842 1923 ο
865 1860 974 1943 potius
998 1881 1096 1944 quam
1119 1860 1154 1923 in
1176 1881 1197 1923 a
1220 1863 1269 1924 tra

177 1968 252 2032 ierit
270 1969 304 2032 in
318 1967 531 2033 Pseudolus
550 1968 689 2051 nominc,
708 1966 794 2052 quod
813 1967 923 2032 nescio
941 1989 983 2031 an
998 1967 1214 2032 Pseudulus
1229 1989 1269 2052 po

178 2074 296 2138 dixerit
310 2096 329 2137 a
343 2075 509 2139 Ψευδύλος
524 2072 575 2159 (ut
588 2073 768 2159 tricolor).
801 2073 974 2140 Praeterea
988 2097 1059 2140 cnm
1075 2075 1114 2139 de
1128 2073 1269 2157 Byrria

180 2179 278 2245 Andr.
303 2180 384 2244 satis
407 2185 543 2263 constet,
566 2204 700 2265 prorsus
724 2181 899 2267 singularis
923 2185 974 2246 est
997 2180 1156 2265 Stilpho
1180 2181 1269 2245 fornn

181 2288 327 2354 (τίλπων
349 2286 437 2352 sacta
460 2287 588 2353 Phorm.
611 2290 641 2371 2,
665 2289 695 2371 3,
718 2289 770 2352 42.
793 2289 846 2372 43,
869 2310 934 2353 non
958 2288 1216 2371 discrepantibus
1239 2309 1269 2352 cc

177 2395 279 2459 cibus.
332 2392 460 2460 Certior
495 2395 594 2460 etiam
631 2395 666 2459 in
702 2394 857 2459 mutanda
888 2393 1115 2458 terminatione
1149 2393 1270 2457 latinor

177 2506 346 2585 poetarum
383 2502 523 2567 lieentia.
573 2501 707 2585 lneptus
740 2501 784 2565 sit
816 2502 976 2584 profecto,
1012 2501 1068 2585 qui
1101 2500 1140 2564 de
1173 2500 1269 2579 Αἴςχα

177 2609 315 2688 Εὔτυχος
334 2609 521 2674 nominihus
542 2609 664 2693 cogitet
682 2612 815 2692 propter
828 2608 933 2672 latina
947 2606 1165 2671 Aeschinus
1181 2608 1269 2690 Adel}

177 2713 377 2799 Eutychus
396 2713 501 2791 Mera,
526 2715 733 2799 quantumvis
758 2717 975 2778 contestatam
998 2693 1177 2778 habeamus
1196 2736 1269 2798 prae

177 2819 316 2901 Εὐτυχής
340 2821 439 2885 etiam
464 2820 631 2899 Εὔτυχος
655 2821 807 2904 formam3
831 2842 889 2884 nce
913 2819 1129 2885 Daemones
1154 2820 1269 2886 Rudr

178 2928 435 3006 οΔαιμονεύς
458 2927 580 2991 factum
605 2928 745 3011 putabis,
768 2927 853 3011 quod
878 2927 977 2990 semel
997 2933 1047 2991 est
1066 2928 1099 2991 in
1114 2928 1269 3012 Antholop

178 3031 224 3096 Vt
255 3037 362 3096 cirtem
393 3033 432 3096 de
455 3032 636 3114 Δαιμόνης,
667 3034 714 3098 ita
741 3033 833 3098 valde
862 3034 974 3099 dubito
1004 3033 1042 3098 de
1065 3037 1269 3118 Τύνδαρος,1

177 3138 381 3223 Tyndarus
405 3141 455 3201 est
473 3138 583 3202 latine.
621 3137 681 3203 Sed
702 3139 894 3224 exquisitius
914 3140 993 3204 illud
1015 3146 1066 3205 est
1084 3142 1179 3226 quod,
1203 3143 1230 3207 si
1250 3165 1269 3226 q

178 3245 284 3324 videa,
313 3245 346 3308 in
371 3243 516 3328 Captivis
540 3244 848 3329 Aristophontes
876 3268 993 3311 nomen
1017 3269 1082 3311 non
1106 3253 1158 3312 est
1180 3249 1222 3313 ad
1246 3248 1269 3314 '1

179 3353 359 3434 ςτοφόντης
391 3353 528 3416 formam
563 3353 794 3436 revocandum,
827 3376 909 3438 quae
942 3355 992 3418 sui
1025 3355 1166 3419 similem
1199 3378 1269 3439 pra·

178 3459 405 3539 Ἀργειφόντης
432 3460 555 3524 nullam
582 3459 714 3542 habeat,
738 3461 793 3525 sed
819 3461 859 3524 ad
884 3459 1129 3541 Ἀριςτοφῶν,
1164 3468 1269 3544 -φῶν

179 3567 306 3651 quando
332 3566 513 3630 inauditum
538 3565 800 3647 Ἀριςτοφώντης.
847 3565 907 3632 Cui
932 3569 1040 3652 aliqua
1063 3590 1102 3634 ex
1125 3575 1220 3654 parte
1243 3593 1269 3634 e

235 3792 260 3859 *)
280 3792 338 3846 Soli
358 3793 404 3846 vel
422 3791 508 3847 errori
527 3793 571 3848 vel
591 3794 785 3864 neglegentiae
805 3797 985 3852 scribentium
1004 3797 1154 3853 tribuenda
1172 3803 1239 3854 sunt
1259 3818 1269 3848 ⁴

178 3898 318 3950 perpauca
336 3881 500 3936 offendimus
518 3899 536 3936 a
551 3885 647 3937 Καλι-
666 3884 837 3954 incipientia,
857 3886 953 3954 qualia
972 3904 987 3940 c
1009 3888 1130 3942 vasculis
1146 3888 1258 3943 Keilius

179 3971 414 4027 commemoravit.
454 3972 534 4038 Quod
558 3972 670 4040 quidem
695 3973 734 4028 ita
760 3992 818 4029 esso
837 3975 882 4030 vcl
901 3976 1006 4031 latinae
1025 3976 1224 4047 inscriptiones
1242 3976 1268 4031 ri

178 4061 272 4113 mento
296 4064 374 4128 sunt,
397 4061 425 4115 in
445 4061 545 4130 quibus
565 4061 720 4133 Callope,
746 4063 926 4134 Calippus,
950 4064 1098 4134 delicto,
1124 4065 1266 4121 Caliatu

179 4150 207 4203 id
227 4167 314 4219 genus
333 4151 461 4205 alienon
481 4153 547 4206 sunt
564 4169 634 4208 rara.

234 4256 275 4325 **)
296 4256 347 4310 Vel
366 4257 458 4325 potius
473 4263 523 4313 aut
536 4260 649 4314 Birria
668 4264 718 4315 aut
731 4261 865 4316 Burrio:
885 4262 1121 4331 quemadmodum
1137 4264 1222 4319 Sura
1236 4264 1269 4318 lo

178 4346 207 4399 in
230 4346 344 4415 optimis
368 4346 446 4400 libris
465 4351 576 4404 servata
594 4353 637 4404 est
655 4350 766 4404 'l'rucol
785 4357 811 4418 2,
830 4357 855 4418 4,
875 4359 917 4406 ol.
938 4361 962 4420 6,
982 4360 1017 4407 49
1038 4356 1067 4407 et
1085 4361 1119 4408 60
1138 4353 1269 4421 (δατίαλ

178 4435 309 4490 tenuibus
328 4435 494 4504 quibusdam
511 4438 638 4511 vestigiis
657 4439 742 4494 etiam
761 4439 837 4494 alibi.
