2932 5026
497 349 775 399 orscrnmnsnvn
798 350 922 399 mama.
1215 334 1282 399 369

150 511 211 556 cnm
233 496 387 578 quattuor
408 492 647 572 matheruotics's,
669 495 828 575 quurlrioic'
849 492 982 559 nomine
1004 495 1120 576 postea
1143 493 1282 577 conexis,

144 600 300 685 tamqnam
314 603 489 685 cognatam
504 599 620 686 iungas
639 600 900 684 architecturam,
915 599 1036 664 frustra
1050 599 1282 666 elaboraveris:

137 707 263 790 quando
285 710 440 793 quattuor
462 710 589 771 tantum
608 706 734 771 artibus
755 707 843 772 locus
862 707 958 772 datus
977 711 1027 771 est
1044 707 1131 772 inter
1147 707 1282 773 tertium

133 816 168 877 et
196 817 345 879 cetarum
374 813 504 878 librum.
550 813 801 880 Mathematicus
830 818 938 879 summ
966 815 1040 879 illas
1068 818 1223 900 quattuor
1245 819 1283 880 ut

132 919 201 985 ism
223 920 406 986 aVarrone
430 921 637 986 continuatas
660 921 892 1005 existimemus,
915 943 980 987 non
999 924 1109 1005 potest
1126 942 1193 986 non
1211 943 1283 986 sua·

133 1026 212 1092 dere
229 1026 356 1111 Isidori,
375 1024 492 1110 Boetii,
513 1026 707 1111 cassiodori,
726 1026 884 1092 Marciani
907 1028 1073 1112 ipsiusque
1097 1032 1134 1091 nt
1157 1026 1283 1092 videtur

96 1130 112 1157 ¹
134 1132 328 1211 Quintiliani
356 1154 542 1200 consensus.
588 1132 635 1198 Vt
662 1156 736 1200 cum
759 1134 819 1210 hac
848 1135 888 1199 de
910 1158 1026 1200 caussa
1052 1139 1123 1199 tum
1150 1139 1283 1220 propter

134 1238 293 1307 Marciani
312 1243 353 1307 de
372 1242 497 1326 seipso
515 1241 738 1307 testimonium
760 1243 1009 1308 architecturam
1028 1243 1096 1309 veri
1115 1244 1160 1308 sit
1177 1244 1284 1309 simile

137 1346 287 1413 ultimum
309 1349 417 1413 locum
440 1348 636 1414 obtinuisse:
660 1371 736 1413 nam
761 1354 793 1414 et
816 1350 921 1434 magis
945 1349 1093 1433 profecto
1116 1356 1283 1416 consenta-

138 1476 235 1519 neum
257 1459 306 1520 est
328 1455 370 1520 ab
393 1476 441 1539 eo,
465 1455 518 1539 qui
543 1454 724 1520 intueretur
747 1455 903 1522 Varronis
928 1457 1120 1541 exemplum,
1142 1464 1283 1523 resectas

140 1582 214 1626 esse
234 1568 394 1628 extremas
418 1584 514 1647 quam
539 1562 661 1627 medias
685 1562 851 1647 quasdam,
875 1567 908 1629 et
930 1563 1044 1629 eodem
1068 1563 1149 1629 adeo
1172 1564 1284 1630 ordine

141 1666 321 1735 levamus
358 1691 378 1733 a
415 1691 449 1734 se
482 1670 729 1754 praetermissas
762 1675 995 1736 commemorat
1026 1671 1219 1737 medicinam
1251 1676 1285 1737 et

142 1775 403 1862 architecturam,
429 1799 495 1843 non
519 1777 769 1843 architecturam
794 1783 827 1843 et
850 1778 1051 1843 medicinam.
1097 1777 1166 1844 Nec
1189 1782 1285 1863 certe,

143 1880 175 1943 si
201 1883 407 1964 paenultimns
431 1884 520 1950 locus
547 1884 690 1949 tributus
715 1890 786 1950 erat
809 1884 999 1969 medicinae,
1027 1885 1111 1950 hanc
1134 1884 1285 1951 contendi

143 1990 252 2067 potest
270 1990 377 2075 aptius
402 1992 454 2056 sel
476 2014 496 2055 a
519 1990 643 2056 musica
662 1992 713 2055 vel
732 1994 774 2056 ab
794 1992 973 2078 astrologia
996 2013 1094 2076 quam
1117 1992 1158 2056 ab
1183 1990 1286 2057 archi·

145 2092 269 2161 meurs
297 2098 413 2184 excipi.
463 2097 555 2175 Quod
589 2102 699 2164 autem
732 2098 772 2163 ad
805 2098 948 2182 ipsarum
982 2096 1285 2164 mathematicamm

144 2194 232 2266 inter
249 2226 316 2270 sose
340 2205 488 2271 ordinem
512 2206 645 2289 attinet,
675 2207 744 2271 sine
768 2210 857 2272 certa
880 2206 954 2271 sede
978 2206 1123 2270 omnium
1147 2206 1285 2271 maxime

147 2310 255 2391 unsri
275 2312 433 2378 musicam
456 2312 610 2377 videmus.
656 2312 759 2389 Quam
784 2314 917 2399 reliquis
940 2313 1128 2399 postposuit
1150 2312 1284 2378 Mareia-

147 2425 223 2497 nns,
239 2419 473 2504 praemiserunt
496 2418 717 2495 Quintilianus
741 2424 774 2484 et
797 2419 1016 2506 Augustinus,
1039 2420 1178 2486 mediam
1202 2420 1287 2484 inter

147 2527 352 2593 annerum
376 2530 409 2591 et
432 2525 670 2591 arithmeticam
695 2527 805 2609 posuit
829 2524 965 2610 Seneca,
993 2528 1079 2593 inter
1107 2526 1286 2591 arithmeti-

147 2635 216 2728 f‘affl
237 2637 268 2697 et
289 2634 503 2720 geometriam
523 2633 680 2698 Boethius
701 2638 733 2697 et
752 2633 905 2717 Isidorus,
928 2634 1057 2717 utrique
1081 2635 1288 2698 subiecerunt

146 2723 228 2803 “ltus
245 2739 388 2806 Isidorus
413 2741 517 2805 altero
540 2740 611 2804 loco
631 2763 703 2805 cum
719 2739 923 2806 Cassiodoro.
957 2741 1007 2804 Er
1031 2740 1082 2803 his
1106 2740 1286 2805 rationibus

146 2836 307 2913 minimam
331 2849 427 2913 fidem
451 2847 572 2912 habent
591 2851 724 2933 mediae,
748 2852 864 2934 quibus
889 2850 1087 2914 divelluntur
1110 2848 1288 2931 geometria

145 2941 179 2999 ‘l
200 2955 410 3020 arithmetica.
458 2957 583 3031 Quibus
608 2959 668 3021 etsi
691 2958 942 3043 haudquaquam
972 2956 1172 3021 incommode
1196 2977 1287 3038 prae-

147 3058 273 3124 namur
295 3064 419 3127 musica
448 3069 562 3147 utpote
587 3067 816 3148 grammaticae
840 3071 872 3128 ot
896 3065 1054 3129 humanae
1079 3063 1209 3147 linguae
1233 3085 1286 3125 no·

146 3148 226 3230 tiOui
247 3170 338 3233 valde
362 3170 487 3254 affinis,
519 3176 628 3235 tamen
659 3172 691 3234 in
718 3171 896 3234 Varronem
926 3171 1054 3255 quidem
1083 3170 1110 3232 is
1139 3168 1217 3232 ordo
1241 3169 1287 3231 ita

149 3258 268 3338 lantum
291 3276 404 3341 cadere
428 3279 546 3360 possit,
575 3283 609 3340 ut
639 3279 733 3340 simul
759 3279 968 3361 geometriam
994 3276 1165 3358 praecedat
1188 3273 1287 3337 arith-

152 3380 260 3444 metica
286 3371 409 3467 'quippe
440 3385 552 3467 quinto
583 3384 667 3447 libro
697 3389 843 3447 tractatu.
891 3383 926 3446 ld
954 3388 1061 3445 arratum
1091 3382 1196 3462 ipsum
1224 3400 1287 3443 non

153 3473 219 3548 tine
232 3491 421 3554 confidentia
435 3491 681 3573 pronuntiamus
697 3513 804 3553 carere
822 3489 1060 3573 probabilitate.
1086 3486 1169 3551 Nam
1190 3506 1287 3568 quan-

154 3586 264 3659 tumvis
288 3598 320 3661 in
344 3597 406 3662 hoc
430 3619 544 3682 genere
569 3599 654 3662 inter
677 3622 710 3661 se
736 3599 918 3681 discrepent
936 3597 1053 3660 artium
1074 3596 1231 3674 unctores,
1255 3592 1288 3654 in
1303 3611 1330 3650 20

157 3708 220 3761 una
245 3725 273 3766 re.
300 3728 365 3790 non
395 3705 576 3788 promiscuo
611 3706 792 3789 discedunt,
826 3705 880 3769 sed
916 3704 1116 3768 saeculorum
1145 3699 1289 3764 ordinem

113 3830 118 3837 ·
156 3793 226 3878 ῙΡθο
244 3810 386 3876 dissensu
411 3817 542 3876 servant
565 3814 838 3877 constantissime.
878 3809 1070 3875 Posterioris
1090 3808 1139 3871 vel
1159 3806 1289 3869 infimae

159 3911 265 3979 aetatis
288 3922 378 4003 sunt,
402 3919 457 4000 qui
481 3919 622 4000 priorem
646 3941 715 3982 esse
740 3918 979 3983 arithmeticam
1006 3914 1188 3997 voluerunt,
1213 3910 1289 3976 Cas·

157 4006 304 4108 ³50dorus,
334 4025 483 4107 Boetius,
516 4025 674 4088 lsidorus:
708 4025 930 4107 ageometria
953 4022 1138 4102 ordiuntur,
1171 4019 1225 4103 qui
1250 4018 1291 4082 ad

157 4119 280 4194 mthora
311 4132 440 4195 saecula
474 4131 606 4215 propius
640 4129 811 4213 accedunt,
849 4129 1044 4210 Marcianus,
1078 4126 1292 4210 Augustinus,

153 4208 311 4333 Sensum
361 4235 452 4320 Ergo
485 4240 560 4319 post
588 4236 782 4300 rhetoricam
813 4236 992 4318 geometria
1023 4239 1056 4297 et
1086 4232 1293 4298 arithmetica

221 4372 246 4441 *l
264 4377 301 4431 De
320 4378 373 4432 hac
392 4377 553 4432 differentia
572 4377 610 4431 sic
630 4378 811 4433 Cassiodorus
831 4393 854 4429 c.
870 4383 886 4429 4
905 4395 931 4446 p.
953 4384 1044 4429 tota:
1066 4376 1217 4442 Scriptores
1235 4388 1291 4423 sae-

142 4444 283 4519 Manu„
314 4468 471 4523 littera-rum
503 4469 575 4520 irater
606 4469 770 4536 disciplinas
797 4469 1000 4523 rrrutlremutr'cus
1024 4468 1145 4534 primum
1172 4463 1291 4517 maenium

198 4557 238 4603 ΡΗ
260 4575 403 4612 arrsunsan
424 4578 556 4611 oevsusaa
576 4578 617 4612 111.
1045 4560 1080 4606 ‘24
1174 4584 1178 4591 ·
