2932 5026
208 306 275 372 416
626 323 673 369 nn
697 323 731 369 u.
755 319 930 369 vaanours

209 466 381 532 intervallo
412 464 453 530 ab
482 466 555 549 ipso
585 487 670 530 anno
696 464 760 530 700
787 463 947 547 plurimas
975 461 1107 525 illorum
1132 461 1217 525 vitas
1247 461 1330 526 abeat

209 573 444 658 intellegimus:
476 572 524 637 ita
551 577 662 637 tamen
685 575 721 637 ut
749 570 881 654 reliquis
904 568 1104 653 logistoricis
1127 569 1330 634 recentiori

210 679 325 744 deatur
339 680 418 745 Pius
436 702 516 764 esse,
534 679 699 765 antiquior
716 678 849 762 reliquis
865 676 1008 754 Sisenna,
1026 675 1090 740 uisi
1108 674 1241 759 quidem
1260 675 1330 740 otim

210 787 311 870 priori
339 788 446 853 aetati·
464 786 578 853 Gallus
600 787 791 852 Fundanius
820 783 1013 849 tribuendus
1043 787 1093 847 est
1123 785 1260 866 propter
1288 805 1330 869 eor

210 897 393 977 temporum
420 894 580 959 rationem
609 915 690 979 quae
719 890 917 957 intercedere
945 891 1033 954 inter
1062 889 1167 955 soceri
1191 893 1227 953 et
1249 911 1330 975 gene

211 1000 297 1064 vitas
320 1001 413 1066 solet.

300 1105 392 1182 Quod
423 1107 464 1171 ad
493 1107 632 1172 formam
662 1108 782 1172 attinet
811 1104 1066 1190 commentandi,
1096 1104 1260 1171 sermonis
1291 1104 1311 1168 i.

211 1212 334 1298 dialogi
358 1213 428 1279 leva
446 1214 602 1280 indicium
621 1216 783 1300 quoddam
802 1218 910 1279 exstat
928 1215 961 1280 in
975 1211 1050 1279 Cati
1068 1212 1257 1297 fragmento
1275 1234 1330 1296 apr

211 1317 354 1384 Nonium
385 1343 416 1404 p.
439 1321 518 1385 494:
554 1323 645 1388 eelim
673 1322 865 1401 mehercules,
896 1322 1034 1403 inquit,
1065 1322 1134 1403 ipse-
1158 1341 1219 1385 asa
1248 1340 1330 1403 mayr

206 1427 399 1509 puerilitatis
419 1428 556 1508 ferream
578 1430 696 1494 audire.
743 1428 850 1494 Nimis
874 1428 959 1493 enim
983 1427 1147 1513 ambigua,
1169 1449 1270 1512 quam
1293 1449 1330 1511 qu

137 1559 199 1599 xm
213 1535 274 1598 bus
299 1534 421 1618 aliquid
446 1534 479 1598 in
502 1533 565 1599 hoc
588 1557 705 1621 genere
728 1536 865 1619 tribuas,
888 1535 968 1600 haee
991 1538 1069 1599 suut
1091 1557 1131 1599 ex
1149 1533 1265 1599 eodem
1285 1533 1330 1618 loq

213 1642 333 1705 storico
353 1638 493 1706 aNonio
513 1646 663 1727 excerpta
686 1667 716 1727 p.
727 1643 805 1707 520:
828 1644 948 1720 omnio,
971 1643 1139 1724 inquam,
1161 1641 1200 1706 ia
1222 1641 1330 1705 doeeao‘

206 1749 324 1832 pueris,
346 1769 424 1830 quac
441 1738 563 1831 dempta
581 1770 645 1814 aen
656 1749 821 1831 prohibeat
838 1770 944 1815 emam
963 1750 1076 1814 bearem
1092 1750 1172 1831 fieri,
1195 1749 1330 1814 medicor

211 1859 302 1918 sunto
331 1854 393 1938 (ita
420 1855 507 1920 enim
535 1855 615 1920 haec
643 1856 815 1921 scribenda
837 1855 1014 1942 videntur);
1052 1862 1085 1920 et
1108 1878 1139 1940 p.
1161 1856 1239 1922 108:
1272 1856 1330 1921 mil

206 1983 304 2043 puero
326 1964 447 2027 modim
469 1984 535 2027 arae
555 1964 619 2044 fait
641 1967 747 2030 tunica
768 1970 798 2028 et
819 1969 902 2046 lopo,
929 1964 997 2029 sine
1016 1964 1126 2044 fasciis
1148 1964 1330 2029 caeam

211 2089 306 2149 aqam
328 2070 394 2132 sine
416 2070 566 2154 ephippia,
589 2071 731 2136 balneam
754 2093 817 2136 noa
839 2072 1049 2150 cottidianam,
1071 2071 1177 2136 alveus
1195 2091 1308 2149 rama·

212 2174 357 2258 ePappo
372 2198 402 2259 p.
416 2176 470 2239 12:
492 2179 682 2242 nasturtium
700 2199 801 2243 noane
822 2180 924 2243 vides
945 2178 985 2242 ab
1007 2199 1040 2242 ee
1062 2178 1125 2242 diei
1145 2180 1231 2260 quod
1251 2198 1330 2244 nasa

213 2287 363 2365 torqueat,
393 2284 586 2365 eestispieam
617 2287 699 2368 qued
728 2291 837 2351 vestem
868 2285 1000 2368 spr'eiat?
1036 2285 1065 2349 ai
1092 2283 1173 2349 haec
1202 2289 1291 2352 recte
1316 2286 1330 2350 i·

214 2389 337 2474 scripta
361 2394 438 2454 sunt
461 2413 481 2454 a
502 2390 658 2458 Meroero.
684 2428 724 2439 —
752 2430 789 2439 —
817 2430 857 2438 -
958 2431 963 2442 ·

292 2605 381 2670 Haec
396 2606 525 2689 quidem
539 2607 664 2691 pridem
683 2607 805 2690 scripta
824 2585 961 2687 anobis,
980 2608 1017 2668 ut
1030 2605 1064 2668 in
1078 2602 1180 2687 praef.
1196 2604 1330 2689 Parergr

212 2735 243 2796 p.
267 2731 381 2777 xxvm
409 2714 581 2796 promissis
611 2719 781 2796 staremus,
803 2735 861 2797 per
880 2712 1006 2796 aliquot
1026 2732 1153 2774 menses
1178 2711 1212 2774 in
1234 2712 1329 2776 aerini

214 2825 498 2903 pernoctaverant,
535 2844 608 2886 cum
640 2821 736 2885 nobis
771 2821 891 2884 allatae
924 2825 1000 2883 sunt
1031 2817 1198 2882 Francisci
1232 2817 1330 2882 Oehle

215 2949 293 2991 cura
315 2932 349 2991 et
373 2950 445 2992 cum
470 2951 547 2992 cura
566 2930 720 2994 collectae
736 2928 927 2993 Saturarum
942 2926 1188 3011 Menippearum
1204 2925 1330 2991 Varron

214 3034 377 3117 reliquiae.
410 3032 573 3098 Collectae
592 3039 625 3098 et
644 3059 703 3120 pro
724 3036 807 3100 virili
828 3040 919 3119 parte
940 3033 1145 3118 explanatae:
1171 3032 1330 3097 emendat

216 3141 344 3223 quidem
369 3141 450 3205 satis
475 3141 602 3205 modica
625 3164 662 3204 ex
687 3147 789 3225 parte,
812 3146 878 3206 tam
903 3138 1050 3225 profecto
1075 3138 1211 3222 modica,
1236 3144 1274 3204 ut
1291 3161 1330 3224 op

216 3270 270 3311 rac
293 3248 435 3331 pretium
459 3247 603 3312 facturus
623 3248 770 3312 videatur
789 3249 844 3333 qui
864 3270 935 3312 eam
954 3245 1154 3330 provinciam
1173 3266 1239 3312 non
1259 3246 1330 3312 dem

216 3356 359 3436 tantum,
391 3354 447 3418 sed
480 3354 519 3418 de
553 3355 681 3440 integro
715 3355 880 3438 suscipiat.
943 3352 1029 3419 Nam
1062 3357 1099 3417 ut
1132 3353 1200 3417 alia
1232 3355 1330 3419 silent

216 3461 528 3546 praetermittamus,
564 3463 740 3526 satirarum
773 3461 1050 3525 Varronianarum
1083 3482 1156 3524 cum
1189 3460 1330 3544 praecipi

215 3568 287 3631 laus
310 3569 469 3653 quaedam
491 3574 525 3633 et
550 3569 724 3654 singularis
750 3570 857 3652 gretia
880 3569 913 3632 in
938 3589 976 3633 eo
1001 3568 1171 3651 consistat,
1194 3567 1281 3652 quod
1304 3589 1330 3632 m

216 3696 287 3738 rum
315 3677 349 3738 in
378 3675 508 3738 modum
537 3699 673 3760 eumque
702 3678 793 3742 valde
821 3675 1065 3739 memorabilem
1088 3674 1265 3739 distinctae
1288 3695 1330 3738 sur

216 3803 367 3845 versuum
395 3781 613 3846 immistorum
642 3785 813 3848 varietate:
845 3783 878 3845 in
907 3782 969 3846 hoc
998 3781 1069 3866 ipso
1093 3801 1213 3865 genere
1237 3785 1330 3845 tam.

217 3893 251 3953 et
266 3888 377 3953 rudem
395 3893 428 3954 et
445 3891 672 3975 neglegentem
691 3890 887 3957 novissimus
908 3887 1013 3952 editor
1032 3887 1214 3971 praestitit,
1237 3890 1275 3950 ut
1296 3908 1330 3950 n(

217 3996 312 4060 modo
335 3997 489 4061 sescentis
514 3998 670 4081 exemplis
695 4002 808 4082 aperta
836 4000 869 4060 et
897 3995 1081 4060 indubitata
1104 3994 1288 4058 carminum
1311 4015 1330 4057 v

217 4103 329 4187 stigia‚
356 4125 437 4186 quae
460 4107 626 4188 tamquam
650 4127 708 4168 sua
736 4106 852 4187 sponte
880 4103 1051 4166 incurrunt
1077 4100 1113 4164 in
1136 4100 1263 4182 oculos,
1294 4098 1330 4183 ip

217 4232 282 4273 uon
313 4209 574 4295 deprehenderit,
607 4212 662 4275 sed
695 4212 831 4277 aliorum
865 4231 992 4294 quoque
1025 4207 1075 4292 (ut
1108 4206 1145 4270 G.
1170 4205 1330 4270 Hermann

216 4316 411 4380 felicissimis
427 4316 610 4402 eisdemque
625 4318 813 4382 certissimis
828 4317 967 4380 inventis
983 4315 1030 4379 uti
1050 4334 1184 4397 prorsus
1202 4312 1330 4377 nascier

217 4427 250 4487 et
271 4423 399 4488 aurium
423 4423 541 4488 iudicio
564 4424 775 4489 hebetissimo
800 4432 833 4490 ct
856 4422 973 4489 mentis
997 4420 1202 4506 pravissimo.
1240 4416 1303 4484 Sed
1324 4445 1330 4480 t
