2932 5026
187 325 253 389 346
459 342 701 400 ovnasrronns
726 340 1061 389 ououaronoorona.

187 484 264 547 bula
283 483 434 549 Plautina
457 485 579 547 versari
604 484 773 548 voluimus.
817 484 867 547 lbi
892 485 977 548 enim
1002 486 1056 568 qui
1081 485 1176 549 miles
1201 484 1313 549 habeta

187 589 658 674 ANTHEMONIDES,1mde
682 591 813 654 tandem
837 591 941 654 dictus
966 591 1157 674 putabitur?
1182 614 1256 656 cum
1281 614 1313 656 ne

187 697 228 760 ab
257 696 396 776 ἄνθεμον
426 697 480 782 qui
511 720 590 762 sana
618 698 744 762 ratione
768 696 998 776 Ἀνθεμωνίδη(
1025 699 1084 761 fiat
1112 699 1313 782 perspiciatu

186 827 245 869 nec
273 825 312 869 ca
340 804 412 887 ipsa
439 805 569 868 notione
598 804 767 888 quicquam
796 804 971 888 excogitari
998 805 1142 887 ineptius
1166 806 1313 888 possita

186 917 310 977 trucem
341 911 483 975 indolem
512 911 627 974 militis
658 910 793 995 gloriosi
822 911 1075 994 significandam.
1121 911 1210 975 Illud
1237 912 1313 996 igin

187 1019 254 1082 sive
283 1019 359 1083 Aldi
391 1019 457 1082 sive
489 1022 525 1082 ut
558 1018 705 1101 suspicor
723 1017 868 1101 ·Angelii
901 1019 1082 1100 inventum,
1116 1022 1313 1102 propagatio

187 1149 204 1189 a
236 1124 435 1207 Camerario,
468 1147 530 1209 quo
559 1124 773 1189 confidentius
802 1125 935 1188 missam
964 1125 1117 1209 facimus,
1150 1148 1190 1190 eo
1219 1125 1313 1189 certic

187 1254 261 1315 spes
295 1235 345 1295 est
375 1231 445 1296 fore
477 1236 513 1296 ut
545 1254 655 1296 veram
687 1232 828 1296 nominis
860 1232 1015 1316 formam,
1049 1233 1257 1297 obscuratam
1288 1232 1313 1296 ir

187 1339 275 1403 curia
297 1339 514 1421 librariorum,
537 1360 603 1403 non
628 1338 786 1421 obrutam,
810 1339 974 1422 probabili
998 1341 1187 1404 coniectura
1206 1360 1313 1423 recupe

187 1469 302 1510 remus.
343 1445 388 1509 Et
411 1444 445 1508 in
468 1444 665 1508 editionibus
691 1444 819 1529 quidem
843 1446 1005 1509 veteribus
1028 1447 1232 1530 noviciisque
1251 1445 1313 1511 eod}

69 1548 75 1558 '
186 1553 277 1616 cibus
314 1574 387 1616 cum
419 1552 607 1634 plerumque
640 1551 861 1617 Antamonides
898 1552 1055 1636 scriptum
1088 1553 1147 1634 sit,
1181 1575 1247 1617 uno
1277 1552 1312 1616 ill

185 1682 248 1744 quo
281 1660 315 1722 in
347 1659 418 1741 ipsa
450 1657 563 1721 fabula
595 1679 712 1721 nornen
739 1658 861 1742 legitur
888 1660 977 1741 loeo,
1004 1660 1058 1744 qui
1087 1665 1138 1725 est
1163 1659 1203 1744 V,
1227 1661 1262 1744 5,
1283 1661 1313 1724 45

188 1763 506 1830 ANTAMONIDES
530 1764 768 1828 Arnbrosianac
798 1764 1003 1829 membranae
1032 1788 1096 1829 una
1125 1789 1199 1830 cum
1223 1764 1313 1831 Veter

186 1873 293 1938 codiee
322 1875 503 1955 praestant,
533 1872 742 1936 antorncaedcs
769 1869 978 1955 Decurtatus,
1006 1872 1244 1938 antisorrronales
1270 1871 1313 1937 Va

186 1980 330 2044 tisianus:
367 1982 535 2062 praeterea
567 1982 676 2042 autem
713 1978 746 2041 in
783 1999 994 2061 personarum
1032 1979 1136 2044 indice
1175 1985 1266 2044 actus
1300 1979 1310 2042 l

189 2082 525 2150 ANTAMOINIDES
553 2085 789 2149 Ambrosianus
822 2084 965 2167 exhibet,
995 2084 1313 2151 Anrnnmnnnn

186 2200 319 2276 uterque
352 2192 520 2256 Palatinus
549 2214 622 2256 cum
651 2191 826 2258 Vaticano:
859 2197 1023 2276 postremo
1050 2193 1085 2256 in
1117 2193 1313 2277 inscription

186 2321 319 2364 scaenae
343 2299 373 2364 V
403 2303 493 2363 actus
521 2297 551 2362 V
575 2297 733 2364 ANTAM
754 2351 760 2363 .
779 2348 787 2364 .
807 2349 841 2363 ..
870 2303 1035 2382 superstes
1061 2303 1112 2363 est
1138 2302 1173 2365 in
1197 2301 1313 2366 Ambra

186 2408 291 2489 siano,
321 2404 673 2472 ANTAMOENIDES
703 2410 865 2471 servatum
894 2407 927 2470 in
952 2405 1074 2471 Veteri.
1125 2406 1313 2493 Namqueu

151 2583 154 2589 ,
186 2537 251 2579 uno
280 2515 378 2579 verbo
406 2514 511 2578 dicam
540 2515 625 2597 quod
656 2537 708 2578 res
736 2518 798 2596 est,
830 2534 895 2576 non
927 2512 1013 2576 aliud
1037 2513 1070 2576 in
1094 2514 1245 2599 vestigiis
1268 2515 1313 2579 illi

186 2621 284 2686 latuit
311 2622 375 2685 nisi
405 2621 757 2685 Antamoenides
791 2642 923 2702 nomen,
956 2623 1135 2703 aequatque
1168 2644 1207 2685 ea
1236 2621 1313 2706 scrip

186 2734 259 2792 tura
282 2750 434 2813 graecum
458 2750 576 2793 nomen
597 2727 830 2806 Ἀνταμυνίδηε,
853 2750 917 2810 quo
942 2726 1076 2790 mirifice
1100 2726 1141 2790 ad
1161 2728 1313 2792 veritates

188 2818 300 2899 militis
333 2838 440 2921 imago
474 2835 737 2914 ἀνταμυνομένου
770 2834 966 2918 designatur.
1012 2833 1135 2908 Quodsi
1167 2835 1222 2917 qui
1253 2834 1312 2898 illu

186 2943 245 3005 liat
268 2942 431 3025 (pilearitia,
455 2943 521 3006 cari
546 2943 776 3023 adulescentes,
800 2946 836 3004 ut
858 2941 892 3003 in
915 2962 948 3005 oc
971 2941 1211 3026 diphthongum
1236 2965 1255 3005 υ
1279 2963 1313 3006 ve

187 3047 265 3110 salis
289 3050 445 3131 transeat,
468 3050 570 3114 nolite
595 3049 661 3111 ulla
685 3049 719 3111 in
739 3038 827 3113 hanc
851 3054 976 3133 partem
1001 3049 1031 3112 vi
1055 3071 1125 3113 essa
1150 3071 1187 3112 ea
1211 3053 1313 3133 putan

188 3176 270 3236 cquae
291 3154 402 3218 affinia
421 3155 536 3237 specie,
556 3177 668 3238 reapse
689 3155 889 3219 alienissima
908 3160 996 3219 sunt:
1021 3156 1110 3220 velut
1128 3156 1215 3239 quod
1235 3155 1313 3220 Boc(

96 3256 100 3264 “
187 3265 294 3323 torum
324 3259 462 3324 dialecto
488 3261 682 3344 aliquotiens
707 3285 737 3326 οι
762 3263 867 3327 estin
892 3285 909 3325 υ
933 3266 1110 3343 mutatum,
1133 3262 1240 3346 quode
1263 3261 1313 3326 dil:

187 3387 264 3450 gens
299 3367 456 3450 imprimis
489 3368 721 3451 grammaticus
751 3369 790 3433 H.
820 3368 853 3432 L.
883 3369 1010 3433 Ahrens
1042 3373 1154 3433 nostor
1185 3369 1270 3432 dixit
1296 3368 1313 3432 d

187 3472 262 3536 dial.
287 3473 378 3537 Aeol.
397 3496 426 3557 p.
450 3477 525 3538 llll:
549 3475 600 3538 vel
625 3475 710 3558 quod
735 3475 918 3558 pervulgari
941 3496 1007 3539 non
1032 3475 1241 3539 librariorum
1264 3478 1313 3538 tar

187 3586 254 3643 turn
275 3579 330 3641 sed
351 3581 581 3662 lapidariorum
601 3604 728 3665 quoque
748 3604 855 3645 errore
875 3603 948 3645 cum
967 3582 1096 3646 caedem
1111 3582 1242 3645 litterae
1256 3580 1313 3644 illa

187 3691 256 3747 turn
279 3705 312 3748 oe
335 3692 368 3747 et
390 3708 410 3767 q
435 3692 635 3769 permutatae
659 3694 744 3771 sunt,
767 3689 855 3753 cuius
880 3689 924 3751 rei
950 3689 1164 3752 reconditiora
1186 3688 1313 3771 exempl

133 3793 343 3875 anquaedanr
373 3794 573 3877 exprompsit
600 3793 750 3859 Valesius
778 3795 811 3858 in
841 3794 1031 3878 llarpocrat.
1059 3818 1086 3857 v.
1110 3795 1313 3872 llrorbbtupor

187 3898 237 3962 vel
262 3900 345 3983 quod
370 3923 545 3983 paucorum
569 3900 769 3984 quorundam
793 3903 962 3966 nominum
981 3903 1151 3966 fortasse
1171 3901 1313 3984 duplicet

187 4009 324 4070 l'ormam
353 4008 418 4071 iarn
447 4008 624 4092 antiquitas
648 4009 739 4072 novit
764 4014 798 4073 ut
823 4008 1004 4086 Ἀνδροίτα(
1028 4007 1216 4086 Ἀνδρύταε,
1247 4030 1313 4090 quo

86 4150 88 4157 ·
187 4134 288 4197 geniis
308 4115 379 4178 (lar.
400 4114 525 4179 lleilius
549 4115 739 4199 perstrinxit
754 4115 847 4179 Anal.
871 4115 972 4199 epigr.
996 4121 1029 4179 et
1054 4117 1198 4177 onomat.
1213 4135 1244 4195 p.
1264 4113 1313 4176 lo

187 4243 381 4303 quamquam
413 4226 535 4286 certain
567 4222 661 4286 fidem
692 4243 750 4286 nec
782 4223 846 4286 alia
869 4221 992 4286 habent
1015 4226 1048 4285 et
1071 4219 1217 4284 omnium
1241 4220 1313 4282 mini

187 4349 273 4390 mam
302 4328 427 4393 Ποίθιοι
456 4350 513 4410 pro
542 4328 657 4392 Πύθιοι
688 4330 917 4411 expulsumque
948 4350 1051 4411 nuper
1081 4325 1286 4390 ahleinekio

188 4432 354 4519 Stephano
382 4456 413 4519 p.
436 4435 501 4498 362
527 4434 644 4514 Κάροια
671 4457 730 4520 pro
755 4437 874 4514 Καρύας
907 4436 960 4499 rel
988 4434 1072 4521 quod
1096 4439 1238 4519 cognato
1262 4454 1313 4497 cur
