2956 5018
460 344 736 392 mscueouuauvn
761 345 884 395 mauis.
1178 328 1244 394 393

136 490 194 573 prad
212 490 245 553 dc
270 488 444 553 litoralibus
469 493 521 553 est.
572 487 633 552 Sed
661 511 726 552 non
750 487 894 553 diversos
918 511 988 553 esse
1011 491 1047 554 de
1070 489 1245 554 litoraldms

136 597 205 661 etde
229 616 283 660 ora
312 596 475 659 araritima
498 595 599 659 libros
623 592 673 680 (de
695 615 751 659 ora
774 616 851 660 ruer.
875 595 990 660 libratae
1012 595 1034 659 1
1056 595 1150 659 affert
1172 594 1243 660 Ser·

137 704 187 768 rius
207 702 237 767 in
258 702 339 767 Aen.
362 702 405 782 l,·
423 701 516 786 lll),
543 701 576 766 id
600 724 676 766 vero
700 723 751 766 res
776 694 986 785 ipsa-suadet
1008 706 1045 765 ut
1068 701 1244 766 credamus.

139 848 166 857 -
179 808 308 875 'tertium
332 812 443 874 autem
467 806 569 873 Solini
593 808 817 873 testimonium
838 808 1076 873 Varroniauum
1099 808 1160 873 etsi
1188 831 1244 892 po·

136 921 182 982 leet
195 940 209 981 e
223 916 401 1001 geometria
418 915 643 999 depromptum
667 937 746 998 esse,
768 919 879 980 tamen
903 915 1049 979 dubitare
1072 916 1150 980 lieet
1167 938 1243 980 num

137 1023 169 1087 ibi
190 1030 246 1087 tam
264 1022 496 1107 singularibus
528 1023 624 1086 rebus
658 1021 873 1087 memorandis
906 1022 1013 1086 locum
1042 1024 1246 1107 concesserit,

137 1128 215 1213 qualis
233 1132 307 1194 suut
329 1129 369 1193 de
396 1128 504 1194 ovium
532 1129 704 1193 velleribus
731 1129 833 1193 fontis
861 1128 980 1193 haustu
1009 1130 1151 1194 mutatis.
1198 1131 1245 1194 Ae

137 1234 241 1299 roasa
257 1234 337 1300 haee
356 1256 483 1321 quoque
503 1258 540 1299 ex
556 1234 752 1300 Liberalibus
772 1239 907 1319 repetat,
931 1236 986 1319 qui
1005 1236 1128 1300 fontem
1147 1237 1244 1300 istum

137 1340 261 1408 inlitora
292 1343 391 1407 maris
420 1363 491 1406 esse
523 1342 585 1407 diei
619 1343 826 1426 reputaverit.
882 1341 1004 1406 Verum
1024 1330 1027 1335 ¹
1044 1343 1142 1406 etiam
1179 1342 1246 1406 alia

139 1448 200 1512 ratio
222 1448 251 1513 iu
275 1454 430 1533 promptu
457 1452 521 1532 est,
554 1449 593 1512 de
622 1472 685 1533 qua
713 1449 824 1533 paullo
853 1449 1043 1533 explicatius
1067 1448 1244 1513 dicendum.

138 1552 289 1620 ticmutur
316 1556 403 1621 euim
430 1578 503 1620 eum
531 1578 551 1619 a
574 1554 684 1620 Selino
713 1560 782 1619 turn
814 1578 833 1618 a
858 1555 961 1619 Plinio
985 1556 1025 1619 iis
1049 1554 1158 1640 libris,
1190 1556 1244 1639 qui

140 1658 211 1747 ditati
233 1667 304 1728 sunt
330 1663 546 1728 medicinae
575 1663 795 1748 explicandae,
825 1686 889 1727 uon
917 1684 1019 1746 panea
1042 1662 1245 1726 Varroniano

140 1770 263 1835 manuni
284 1768 413 1834 viuculo
436 1768 498 1834 hoe
521 1772 676 1854 cognata,
700 1770 784 1853 quod
808 1771 842 1835 in
867 1768 1008 1833 mirabili
1032 1769 1064 1832 vi
1087 1768 1245 1851 pernicio-

141 1892 213 1956 soque
236 1876 419 1961 plerumque
453 1875 598 1940 efficacia
626 1876 783 1959 locorum,
815 1875 955 1940 fontium
983 1874 1189 1958 potissimum
1213 1877 1246 1939 et

141 1998 259 2061 murrum
280 1985 459 2048 versantur.
499 1981 549 2048 Ea
572 2005 644 2048 cum
668 2006 733 2047 non
757 2004 833 2046 saue
857 1981 1056 2047 abhorreant
1079 1982 1120 2045 ab
1144 1981 1245 2065 ipsius

141 2085 238 2152 nodone
266 2110 389 2173 usuque
421 2088 612 2171 medicinae,
645 2092 767 2171 tamen,
801 2089 862 2153 uisi
886 2110 958 2152 nrea
985 2110 1036 2152 me
1061 2088 1246 2153 coniectura

143 2189 214 2275 altr,
233 2197 335 2281 posita
365 2196 495 2260 fuerunt
517 2196 625 2261 omnia
648 2197 680 2259 in
706 2217 743 2260 eo
768 2196 957 2281 logistorieo
980 2196 1035 2280 qui
1058 2195 1246 2260 inscribitur

143 2294 224 2367 Gau
239 2302 425 2368 Furrdaaias
446 2304 483 2367 de
504 2304 713 2381 admirandis,
737 2302 926 2367 Aristotelis
950 2303 1099 2387 exemplo
1123 2305 1245 2367 cetero

143 2420 241 2491 nuque
252 2410 562 2490 παραδοξογράφων,
582 2411 637 2494 qui
658 2413 730 2491 περὶ
749 2410 919 2490 θαυμάτων
934 2411 983 2474 vel
998 2411 1181 2490 θαυμαείων
1195 2409 1245 2473 vel

144 2514 350 2594 lamouaav
368 2517 575 2600 seripserunt.
600 2516 702 2581 Huius
718 2518 804 2581 euim
820 2520 1046 2601 argumentum
1064 2516 1245 2600 logistoriei
1259 2539 1285 2578 re

144 2612 333 2707 dudumque
360 2645 457 2706 quarn
485 2623 551 2687 dixi
576 2626 701 2707 partem
724 2624 933 2706 pertinuisse,
957 2623 1137 2687 coniunctis
1161 2623 1246 2686 inter

145 2721 278 2794 ednotus
302 2729 387 2813 apud
406 2728 549 2794 Nonium
574 2753 602 2813 p.
619 2731 683 2794 216
698 2735 731 2793 et
746 2731 784 2794 ll
812 2732 967 2814 exeruplis
991 2730 1176 2814 planissime
1201 2731 1243 2793 cf·

143 2826 225 2899 icitur:
243 2839 370 2901 soerrralo
388 2838 425 2901 de
442 2838 562 2902 statiuis
580 2839 679 2919 aarum,
697 2842 732 2900 al
749 2843 823 2901 siaa
841 2838 926 2902 lucas
944 2844 972 2901 et
989 2843 1100 2918 stupae
1118 2840 1146 2899 el
1159 2839 1246 2916 pulei

143 2937 266 3007 daria.-
286 2944 448 3020 -eiauae,
466 2944 548 3025 arcad
566 2944 609 3007 ibi
626 2949 736 3007 natarat
754 2945 795 3008 sil
814 2945 846 3007 ia
864 2946 996 3025 ariadnae
1016 2944 1086 3026 loca,
1109 2944 1137 3006 si
1153 2962 1246 3024 prae·

141 3058 211 3117 lma
235 3050 365 3134 biberit,
381 3052 451 3132 deri
478 3055 512 3114 at
539 3050 704 3114 aboriatur.
750 3049 831 3114 Cum
860 3049 911 3114 his
939 3051 1040 3135 igitur
1062 3050 1142 3113 hace
1161 3071 1246 3113 eom·

143 3163 199 3225 l⁰ss0
221 3160 283 3221 taur
313 3155 422 3222 hercle
453 3157 591 3220 finitima
620 3161 655 3220 ut
682 3156 766 3221 nihil
790 3179 896 3240 supra.
942 3157 1040 3220 Plinii
1064 3156 1188 3238 XXXI,
1217 3159 1246 3237 2,

145 3250 180 3316 15:
200 3262 225 3323 ia
252 3264 360 3329 Cilicia
389 3266 474 3344 upurrl
500 3265 646 3345 oppidum
669 3263 794 3329 Ceserau
817 3266 901 3330 riuus
923 3265 994 3345 fluit
1018 3265 1102 3341 Nus,
1128 3286 1166 3328 er
1187 3285 1247 3345 qna

143 3354 265 3432 libratam
292 3369 464 3435 sabtiliores
490 3391 596 3435 seratis
623 3371 693 3451 fieri
720 3371 768 3433 M.
798 3370 897 3432 Varro
925 3371 1036 3445 tradit·
1069 3375 1104 3432 at
1132 3371 1165 3432 iu
1188 3368 1246 3433 (leo
1278 3415 1282 3421 -

143 3462 215 3535 italo
230 3477 342 3555 fantem
364 3497 426 3541 esse
448 3497 507 3557 aaa
530 3476 641 3540 lrcbcles
662 3478 755 3560 tiara,
783 3476 900 3539 Zamae
925 3478 957 3539 iu
980 3475 1094 3555 Africa
1116 3497 1174 3556 qao
1197 3498 1246 3539 aa·

143 3587 207 3640 aare
230 3604 315 3647 uoces
343 3620 381 3629 —
408 3582 489 3648 lbid.
513 3590 533 3662 ξ
557 3584 614 3646 ‘212
647 3582 770 3648 Caelius·
797 3584 882 3666 apud
909 3604 965 3647 aas
994 3581 1172 3646 ludicrae
1201 3586 1248 3649 uit

142 3678 205 3745 dam
224 3689 298 3767 folia
324 3689 491 3767 subsidere,
525 3689 624 3753 Varro
653 3711 723 3754 aas·
744 3712 823 3771 pirae
845 3690 1054 3753 auleolaeeriut
1075 3694 1179 3754 cariori.

142 3772 222 3871 llll-5
234 3796 285 3859 27:
310 3796 411 3861 Varro
425 3797 467 3859 ad
480 3794 625 3860 Soracten
641 3798 674 3860 iu
686 3798 778 3876 sbdole,
792 3797 880 3859 curius
898 3797 941 3859 sit
959 3796 1089 3859 latitudo
1102 3802 1247 3877 prrattuor

139 3890 231 3975 Mum
250 3902 309 3967 sole
331 3904 483 3967 exoriente
500 3924 567 3966 cara
587 3906 742 3969 earardare
762 3905 892 3983 lirumli
910 3903 1058 3977 siarileoa
1081 3924 1151 3967 aeres
1170 3925 1248 3983 arrae

142 3987 321 4104 damnarint
346 4011 434 4073 iaala
457 4015 596 4073 orarlaas
617 4011 722 4074 iacere.
745 4050 784 4054 —-
810 4011 879 4085 Quo
905 4010 1012 4072 nescio
1037 4031 1076 4071 an
1101 4009 1247 4073 addenda

143 4106 198 4185 unt,
218 4131 291 4193 quae
318 4116 430 4199 utique
458 4119 633 4199 potuerunt
662 4118 693 4180 in
717 4119 789 4201 ipsa
813 4117 971 4180 medicina
996 4116 1181 4195 memorari,
1209 4138 1246 4180 ex

143 4198 186 4275 tl
203 4210 282 4284 baec:
315 4222 396 4287 idaia
430 4218 482 4307 (ut
509 4222 680 4286 calculosis
710 4247 793 4307 aqua
822 4222 1002 4305 medeatur)
1039 4223 1187 4303 eordiapit
1215 4224 1247 4285 ia

147 4300 220 4382 lea,
247 4324 310 4390 locor
338 4329 534 4409 pariambum
569 4330 639 4392 ilem
673 4330 705 4391 ia
732 4330 844 4411 Syriae
874 4329 959 4408 [burla
990 4330 1076 4392 irrata
1106 4328 1247 4392 Tarauna

146 4427 240 4493 ababa
257 4431 327 4520 [ut]
356 4440 464 4502 auctor
493 4442 536 4501 ast
558 4436 605 4500 dl.
637 4434 743 4500 Varro.
789 4432 851 4499 Sed
879 4436 1076 4500 confidenter
1104 4433 1184 4497 adde
1207 4456 1246 4500 ex
