2932 5026
107 132 174 194 410
530 147 577 192 oa
600 147 634 193 n.
659 145 833 193 voracius

106 291 297 375 propinquis
320 294 398 355 natu
422 289 588 374 aliquanto
612 288 792 354 minoribus
815 289 968 375 (fortasse
990 288 1061 375 ipse
1085 289 1141 355 ille
1154 288 1243 356 Pseu-

107 397 271 463 domarius
296 395 331 462 (l.
354 396 389 461 F.
414 395 448 461 C.
471 397 512 462 N.
541 396 580 460 de
609 418 672 480 quo
700 419 795 481 saepe
820 393 960 483 Cicero),
992 416 1058 460 non
1088 397 1197 482 potuit
1219 398 1247 462 ei

106 528 170 570 non
201 508 296 591 grata
326 508 424 590 atque
453 503 633 567 honorifica
666 524 705 567 ea
734 503 902 588 inscriptio
933 523 1016 581 esse,
1048 502 1141 568 cuius
1175 525 1246 569 sane

106 613 238 698 propria
266 612 315 677 vis
344 611 384 676 ad
407 611 567 676 maiorum
595 610 732 695 gloriam
755 611 987 696 potiusquam
1011 609 1051 674 ad
1074 608 1179 693 ipsius
1201 632 1249 675 res

106 720 291 805 pertineret.
310 756 351 764 -
372 716 448 781 Non
467 718 572 802 magis
592 739 707 782 caussa
730 718 820 802 latet,
843 738 900 781 cur
922 714 1109 782 Sisennae
1134 716 1248 782 librum

106 830 142 894 dc
169 829 300 893 historeo
321 825 428 890 Varro
457 825 627 890 dicaverit:
660 846 720 889 neo
747 824 833 888 enim
861 823 1073 889 dubitandum
1097 824 1177 910 quin
1199 825 1250 889 ille

106 936 213 1000 clarus
242 956 349 1000 rerum
380 923 518 1016 scriptor
546 931 736 1016 cogitandus
770 931 815 995 sit
843 930 878 996 L.
906 928 1078 996 Cornelius
1106 928 1250 1016 Sisenna,

106 1043 219 1108 doctus
245 1042 293 1107 vir
317 1045 349 1105 et
369 1039 484 1105 studiis
503 1039 636 1122 optimis
656 1036 794 1122 deditus,
817 1041 963 1103 mortuus
984 1059 1012 1102 a
1026 1037 1108 1103 686:
1130 1038 1249 1124 dequo

107 1151 248 1215 breviter
280 1148 401 1214 dictum
433 1146 598 1230 Parergon
628 1144 644 1209 Ι
675 1167 706 1230 p.
729 1145 794 1210 376
810 1167 856 1229 sq.
887 1181 931 1189 -
962 1143 1046 1209 Item
1075 1144 1118 1208 ad
1146 1143 1249 1210 Pium

107 1278 202 1341 quam
222 1258 298 1339 apte
318 1253 542 1339 logistoricum
561 1254 597 1317 de
605 1273 683 1335 poce
700 1251 873 1336 rettulerit,
896 1251 1064 1316 commode
1083 1251 1249 1337 intelleges

107 1364 162 1428 ubi
181 1364 217 1440 Q.
233 1361 410 1428 Caecilium
429 1360 596 1446 Metellum
616 1359 709 1424 Pium
732 1358 836 1423 filium
854 1357 1117 1442 Numidici-cos.
1136 1380 1164 1424 a
1178 1359 1249 1443 673,

106 1471 291 1536 memineris
323 1469 476 1533 lwrrriacm
509 1468 739 1532 samtissimum
770 1465 1084 1548 orodestissimumque
1113 1467 1249 1531 omnium

106 1577 253 1643 Ciceroni
269 1575 332 1640 dici
346 1596 406 1659 pro
421 1574 542 1639 Archia
556 1596 581 1638 c.
592 1576 623 1658 4,
646 1574 696 1638 vel
715 1575 820 1638 cirum
836 1573 1066 1638 somtasimam
1084 1578 1114 1638 ct
1129 1593 1250 1638 arm

106 1686 252 1769 relrpioac
273 1705 310 1748 oc
332 1684 479 1749 owdeatio
503 1704 562 1767 pro
587 1680 692 1746 Balbo
715 1703 741 1746 c.
761 1681 814 1765 22,
837 1683 873 1745 ut
896 1679 1065 1745 mittamus
1090 1680 1164 1745 alia
1200 1679 1248 1745 ltx

105 1791 167 1857 hoo
191 1791 381 1877 logistorico
404 1811 486 1874 quas
509 1788 676 1873 excerpsit
693 1786 819 1853 Gellius
842 1785 952 1870 XVII,
977 1787 1032 1852 18:
1064 1786 1114 1852 M.
1143 1785 1300 1871 Varro,-

107 1901 140 1963 ia
163 1899 271 1963 litteris
293 1902 384 1978 atqrrc
405 1898 470 1960 cito
490 1897 552 1976 fide
574 1895 663 1959 borco
685 1895 785 1958 oculto
806 1895 973 1977 cipreseas,
1000 1895 1037 1958 ia
1062 1893 1142 1958 labro
1163 1913 1300 1976 quer-

104 2005 228 2087 scripsit
250 2002 330 2068 Pius
352 2007 408 2066 orit
429 2004 466 2066 de
483 2000 616 2084 paoe‘O.
635 1999 822 2065 Sallustium
843 2001 1022 2082 scriptorem
1042 2001 1143 2065 senae
1165 2001 1300 2072 atses

105 2116 133 2175 ct
154 2130 273 2175 severae
295 2109 458 2190 orationis,
485 2109 520 2172 in
547 2109 636 2173 orius
662 2107 792 2173 laistrmo
813 2108 986 2172 notationes
1006 2108 1163 2172 oeasorica
1184 2108 1300 2190 fier-

107 2219 209 2300 [clorio
232 2217 375 2297 aaron]
399 2217 543 2294 cabrias,
565 2217 601 2279 ia
623 2215 774 2281 udulbrio
795 2216 978 2298 deprensam
999 2215 1040 2280 ob
1053 2215 1166 2281 Annio
1187 2215 1300 2286 ΜΕ

106 2325 172 2390 lonc
186 2325 261 2390 toris
275 2324 346 2390 berre
363 2344 485 2389 worm
502 2323 577 2388 dicit
594 2328 629 2402 ct,
649 2343 718 2387 cum
735 2323 864 2387 dedum
874 2324 1050 2404 peccam,
1069 2323 1299 2391 dimissam-

104 2430 185 2496 haec
208 2431 308 2515 igitur
330 2432 423 2496 valde
447 2431 559 2495 subtili
583 2431 639 2495 sed
663 2430 772 2495 eadem
795 2451 862 2495 non
888 2428 1100 2514 improbabili
1128 2430 1291 2499 conisa

106 2541 179 2601 tura
193 2537 359 2601 Ausonius
373 2537 498 2622 Popma
517 2538 685 2602 coniunxit
699 2559 770 2601 oum
790 2558 828 2601 eo
846 2536 1030 2621 fragmento
1050 2533 1283 2606 salustia-

106 2643 190 2728 apud
205 2643 407 2709 Macrobium
423 2642 489 2708 Sat.
504 2644 545 2728 ll,
555 2645 585 2726 9,
600 2666 663 2728 quo
677 2644 706 2708 is
722 2644 861 2727 scriptor
875 2642 1090 2708 effusissimae
1105 2643 1275 2712 luxuri-

107 2751 291 2834 superbiam
324 2752 387 2835 ipsi
419 2750 552 2815 Metello
586 2751 645 2815 Pio
678 2750 894 2836 exprobravit.
940 2749 987 2814 Vt
1019 2749 1061 2814 ab
1096 2773 1136 2815 ea
1169 2750 1267 2819 hu·

106 2856 330 2921 criminatione
361 2857 466 2921 Varro
500 2857 679 2922 defendisse
711 2858 745 2921 in
778 2857 837 2922 Pio
870 2857 1062 2941 logistorico
1097 2858 1258 2925 videat-

106 2963 199 3039 Quod
228 2964 256 3027 si
284 2963 332 3027 ita
355 2985 389 3026 se
412 2963 539 3045 habuit,
567 2964 720 3047 quoniam
749 2965 951 3049 aliquantum
978 2965 1140 3048 temporis
1170 2965 1252 3032 in·

105 3075 243 3135 mortem
267 3069 396 3135 Metelli
418 3072 451 3133 et
472 3069 683 3134 historiarum
706 3071 880 3135 editionem
905 3069 1053 3135 Sallustii
1078 3071 1242 3157 interpr:

105 3184 174 3241 tum
205 3181 268 3262 est,
300 3177 385 3242 huno
413 3198 541 3262 quoque
570 3177 689 3241 librum
714 3175 819 3242 Varro
847 3199 913 3241 non
940 3177 980 3241 ad
1005 3200 1079 3242 eum
1109 3181 1234 3265 scrip=

105 3284 144 3347 ad
174 3307 270 3368 quem
298 3283 438 3348 maxime
467 3288 613 3368 spectare
642 3289 867 3369 argumentum
896 3284 1014 3369 voluit,
1047 3285 1104 3349 sed
1134 3286 1174 3350 ad
1215 3315 1226 3352 r

56 3407 90 3448 1x
105 3412 199 3473 quem
224 3391 468 3473 e'propinquis,
496 3390 599 3454 filium
628 3390 766 3454 fortasse
795 3389 987 3474 adoptatum
1012 3391 1049 3467 Q.
1074 3389 1218 3458 Caecili

105 3494 271 3559 Metellum
296 3494 479 3578 Scipionem
503 3519 567 3562 cos.
583 3521 609 3560 a.
626 3498 699 3581 701,
723 3499 773 3562 cui
797 3497 875 3561 item
900 3517 1081 3582 cognomen
1105 3500 1212 3565 fuit}

105 3599 225 3663 -Sed
242 3601 385 3685 graviter
405 3601 490 3665 idem
510 3602 564 3666 ille
578 3603 702 3688 Popma
725 3604 850 3667 fallitur
873 3603 912 3668 de
931 3603 1132 3689 Messalla,
1155 3631 1202 3693 qu

104 3730 175 3771 esse
189 3707 232 3771 M.
240 3706 408 3772 Valerium
423 3707 609 3773 Messallam
628 3712 773 3793 coniecit,
792 3710 846 3795 qui
862 3711 949 3775 omni
965 3715 1113 3795 tempore
1132 3717 1194 3779 aet

104 3815 197 3877 firma
220 3838 296 3879 usus
322 3816 492 3881 valetudine
510 3817 550 3881 ad
570 3818 780 3882 centesimum
801 3840 921 3883 annum
941 3819 1042 3884 vitam
1062 3818 1184 3904 produx

105 3922 244 3985 testibus
277 3921 382 3988 Plinio
406 3921 446 3987 N.
469 3923 510 3987 H.
533 3922 678 4008 V11‚·49
703 3929 735 3988 et
758 3923 890 3990 Valerio
914 3924 1058 3991 Maximo
1083 3924 1173 4010 vni

105 4025 226 4089 Verum
250 4026 283 4090 hi
308 4028 435 4111 quidem
460 4030 499 4093 de
522 4029 656 4095 Valerio
680 4029 786 4096 Corvo
810 4031 998 4116 loqurmtur:
1023 4032 1171 4117 logistori

104 4156 197 4197 suum
219 4131 324 4198 Varro
349 4139 405 4199 aut
428 4134 470 4199 M.
494 4136 625 4202 Valerio
650 4137 820 4203 Messallae
844 4139 949 4225 Nigro
973 4162 1037 4205 cos.
1062 4162 1090 4204 a.
1114 4140 1164 4205 695

106 4240 252 4326 scripsit,
285 4246 349 4305 aut
365 4242 393 4305 ei
417 4242 460 4309 M.
484 4244 616 4311 Valerio
642 4245 811 4311 Messallae
839 4248 892 4333 qni
922 4247 962 4312 ad
986 4247 1154 4313 consulate
