2956 5018
456 331 669 378 rrnvnrnvu
692 332 1000 397 rennnrmulnvu.
1093 339 1096 343 ’
1233 317 1297 381 283

314 475 435 541 vrbem
458 474 597 539 Romam
620 496 640 538 a
662 472 823 558 principio
846 494 940 559 reges
962 474 1115 579 hibutre.

312 583 512 649 libertdtem
535 583 569 645 et
591 581 794 646 consulitum
817 580 936 646 Brutus
959 579 1113 648 instituit.

312 689 511 773 Dietdturae
524 687 566 752 ad
588 690 717 771 tempus
741 688 967 791 sumebantur:
989 711 1093 774 neque

312 794 545 862 Decemvirelis
568 794 713 878 potestas
737 795 823 859 ultra
846 795 1026 881 biennium,

309 904 424 990 Neque'
445 902 651 969 tribunorum
675 900 818 967 mr'l’tum
841 905 1010 969 consulare
1033 904 1093 969 ius.
1168 952 1172 957 .
1259 936 1263 943 ·

139 1011 314 1078 Videlicet
339 1015 409 1076 tam
436 1009 531 1076 faeile
553 1008 709 1074 Romanis
737 1008 801 1072 fuit
828 1031 940 1075 versus
969 1010 1090 1095 facere,
1113 1010 1164 1075 vel
1187 1012 1296 1095 potius

138 1120 347 1185 nonfacere
370 1116 512 1182 difficile.

248 1224 304 1291 sed
319 1226 420 1290 istam
438 1222 564 1288 codices
583 1245 747 1307 nunquam
766 1244 832 1288 non
850 1225 1085 1290 antestantium
1103 1226 1296 1310 religionem

149 1333 273 1398 saltem
299 1331 504 1399 coniunctam
534 1352 604 1395 esse
633 1332 727 1413 putes
758 1350 830 1394 eum
861 1334 1013 1395 accurata
1043 1331 1231 1413 eorundem,
1262 1332 1296 1397 in

155 1461 290 1522 quorum
306 1438 403 1503 fidem
420 1435 553 1518 iuratur,
573 1435 718 1500 codicum
737 1436 930 1520 cognitione.
962 1436 1084 1502 Verum
1099 1437 1296 1503 inTerentio

160 1542 282 1625 quidem
294 1544 467 1609 Klotziano
490 1565 542 1608 res
561 1543 658 1628 longe
681 1541 777 1607 aliter
800 1542 925 1608 cecidit.
955 1543 1100 1609 Tametsi
1123 1546 1209 1610 enim
1229 1568 1296 1611 ma·

164 1646 257 1716 luisse
276 1674 309 1716 se
331 1652 425 1718 istros
446 1650 674 1716 austerrimus
693 1651 1043 1733 praestantissamosquc
1068 1673 1090 1716 a
1113 1651 1152 1718 G.
1171 1653 1296 1719 Faerno

169 1759 207 1817 cr
226 1756 257 1822 u
278 1758 419 1824 Bentleio
446 1776 583 1823 excusos
611 1776 706 1838 qrram
735 1758 892 1822 (locurum
921 1758 1081 1823 inaurium
1110 1761 1297 1827 wauctarae

171 1866 245 1944 sequ
271 1865 371 1931 editor
402 1866 543 1930 testatus
576 1865 639 1946 est,
669 1866 779 1927 tamen
812 1864 878 1948 quiv
896 1864 1071 1948 qualesque
1098 1865 1148 1929 illi
1181 1871 1297 1952 essent,

175 1972 312 2051 quomodo
334 1972 423 2037 inter
445 1992 480 2035 se
503 1968 683 2054 differrent,
706 1993 769 2054 quo
793 1974 985 2056 argumento
1009 1972 1048 2036 de
1071 1994 1182 2064 eorum
1204 1995 1295 2058 prae-

176 2079 278 2145 unu
298 2080 471 2163 constaret,
494 2099 559 2163 qus
580 2077 642 2141 fide
661 2077 847 2142 viderentur
865 2077 976 2144 collati
996 2100 1075 2163 esse,
1097 2078 1178 2145 haee
1196 2080 1297 2166 igitur

175 2187 265 2253 onnia
284 2207 435 2273 quaerere
458 2184 538 2249 adeo
562 2184 682 2269 omisit,
704 2188 741 2248 ut
763 2206 803 2248 ne
820 2206 891 2252 uno
915 2185 1044 2270 quidem
1067 2186 1225 2252 versiculo
1249 2194 1296 2255 at·

175 2285 273 2373 figent
307 2293 355 2358 Ac
377 2292 520 2377 pertinet
542 2289 614 2375 hoc,
637 2291 722 2376 quod
745 2313 829 2357 nunc
853 2291 969 2357 dicturi
993 2316 1114 2378 sumus,
1137 2287 1242 2359 etiam-
1255 2294 1296 2360 ad

174 2391 252 2463 alios.
276 2397 389 2486 Neque
413 2399 500 2464 enim
523 2397 603 2463 satis
626 2420 798 2482 possumus
821 2400 944 2485 mirari,
966 2423 1039 2466 curn
1063 2404 1114 2465 tot
1132 2402 1296 2486 tantisque

172 2494 303 2573 heduus
327 2530 400 2573 cum
420 2506 557 2571 aliorum
573 2504 690 2570 Faerni
714 2506 859 2571 codicum
883 2510 953 2571 tum
978 2508 1120 2572 omnium
1144 2508 1296 2573 vetustis·

168 2604 238 2676 iirni
258 2613 401 2679 Bembini
425 2611 616 2678 excellentie
634 2613 732 2696 longo
753 2635 790 2677 ex
810 2616 956 2696 tempore
976 2613 1136 2697 efferatur,
1159 2618 1196 2678 ut
1213 2636 1297 2679 nunc

164 2706 232 2782 fere
246 2722 401 2786 tralaticia
419 2721 473 2802 sit,
496 2724 604 2784 tamen
624 2740 681 2802 per
700 2719 765 2783 tria
787 2718 886 2783 ferme
911 2719 1039 2784 saecula
1062 2720 1221 2785 neminem
1245 2743 1297 2785 ex-

160 2819 292 2910 stitisse,
319 2828 373 2911 qni
400 2826 516 2892 iisdem
541 2826 634 2891 libris
658 2830 734 2908 post
756 2825 871 2890 Faerni
895 2849 988 2892 curas
1012 2828 1115 2893 denuo
1139 2827 1297 2912 inspectis

158 2914 245 2995 btene
266 2934 301 2997 de
327 2933 379 2998 his
407 2933 525 2998 litteris
555 2931 721 2997 meruerit:
753 2952 812 2996 nec
836 2933 923 2996 enim
947 2934 997 2998 vel
1021 2932 1058 2999 G.
1082 2933 1223 2999 Fabricii
1247 2936 1297 3000 vel

153 3019 340 3122 C·0cquelini
369 3037 412 3125 (e.
438 3038 537 3124 1767)
566 3060 602 3102 eo
631 3038 665 3102 in
688 3058 806 3121 genere
830 3060 928 3121 opera
951 3041 1180 3106 memorabilis.
1227 3042 1296 3117 Quo

151 3145 287 3225 negotio
313 3146 410 3211 facile
439 3146 638 3211 intellectum
667 3147 766 3227 esset,
799 3144 884 3228 quod
914 3147 964 3210 vel
992 3148 1131 3213 divinari
1155 3148 1195 3212 eb
1219 3171 1296 3212 uno-
1357 3220 1361 3231 Ι

149 3255 281 3334 quque
302 3256 441 3336 poterat,
463 3274 528 3316 non
547 3250 641 3317 aliter
658 3250 692 3315 in
711 3249 912 3315 conferendis
930 3252 1024 3317 libris
1044 3277 1119 3320 mss.
1138 3254 1297 3319 Faernum

150 3350 256 3436 atque
284 3359 434 3444 aequales
466 3359 652 3444 philologos
685 3362 817 3423 cunctos
846 3363 1010 3423 versatum
1039 3382 1122 3444 esse,
1153 3361 1215 3424 hoc
1248 3364 1298 3424 est

150 3446 366 3549 discrepantis
395 3465 575 3549 scripturae
602 3465 730 3550 largam
754 3487 888 3549 eamque
912 3466 1015 3530 bonae
1039 3466 1143 3550 frugis
1166 3466 1296 3549 plenam

154 3572 292 3637 P‘uteris
321 3594 460 3638 messem
491 3571 664 3656 reliquisse.
711 3572 759 3637 Ae
789 3578 1015 3658 praeterquam
1046 3573 1130 3657 quod
1160 3595 1197 3637 ex
1225 3573 1297 3657 ipso

162 3658 312 3745 Bembino
336 3680 531 3765 praeclarae,
554 3702 634 3764 quae
655 3680 758 3745 adhuc
777 3680 951 3764 latuerunt,
975 3681 1212 3746 emendationes
1231 3681 1297 3764 peti

164 3768 302 3869 'nomme
325 3809 342 3850 e
365 3786 437 3850 sola
459 3787 701 3870 comparatione
720 3788 849 3871 penitus
870 3788 995 3852 excussi
1010 3788 1160 3853 Bembini
1179 3789 1297 3852 certius

170 3892 268 3954 potest
287 3892 323 3955 de
347 3892 546 3976 reliquorum
569 3893 716 3958 codicum
735 3894 843 3958 indole
862 3895 1015 3958 iudicium
1034 3894 1171 3978 prodire,
1195 3894 1297 3958 eosic

173 3976 299 4082 deurum,
329 4021 412 4083 quae
444 3999 488 4063 sit
516 4000 661 4064 condicio
689 3999 874 4065 fabularum
903 4001 1185 4083 Terentianum,
1218 4025 1297 4085 quas

180 4087 324 4169 videantur
346 4106 586 4171 vicissitudines
611 4112 762 4191 expertae
786 4129 864 4190 esse,
888 4130 951 4191 qua
975 4107 1018 4171 sit
1040 4107 1093 4171 via
1116 4110 1297 4173 adratione

184 4196 216 4259 'td
236 4227 331 4276 eurum
355 4213 614 4278 emendationem
638 4214 862 4298 accedendum,
885 4215 1050 4298 aliquanto
1074 4218 1107 4278 et
1125 4216 1243 4279 rectius
1267 4219 1299 4279 ot

190 4300 306 4400 plenius,
327 4342 423 4404 quam
452 4321 555 4384 adhuc
577 4321 699 4385 factum
724 4325 785 4402 est,
809 4320 944 4384 definiri.
975 4320 1020 4384 Et
1042 4321 1148 4385 medio
1172 4322 1299 4404 quidem

191 4423 256 4480 TVO
276 4443 339 4490 cum
365 4427 460 4511 pauci
489 4427 661 4512 scriptores
685 4428 779 4492 latini
803 4427 932 4498 saepius
955 4451 1052 4514 quarn
1074 4427 1244 4493 Terentius
1267 4431 1301 4492 et
