2932 5026
734 1117 807 1198 Xl.

253 1276 304 1358 De
333 1274 380 1357 M.
410 1273 584 1355 Terentii
614 1270 805 1352 Varronis
834 1269 1143 1372 disciplinarum
1172 1269 1286 1352 libris

595 1396 951 1495 commentarius.*)

687 1683 805 1749 Onevr
829 1684 855 1751 l.

737 1847 810 1924 51.

172 2009 183 2045 1
287 1987 512 2052 Eruditiouem
537 2009 636 2070 prope
661 2009 788 2051 omnem
812 1990 846 2050 et
870 1987 908 2050 ad
932 1986 1169 2050 humanitatem
1193 1987 1312 2052 inform.

198 2096 319 2159 tionem
353 2116 447 2157 nemo
481 2094 584 2157 nescit
620 2095 659 2156 iis
694 2094 845 2175 saeculiS,
879 2116 959 2176 quae
990 2094 1215 2158 consuevimus
1243 2093 1312 2157 med

136 2276 141 2286 ‚
200 2203 270 2266 aevi
295 2201 426 2265 nenrinc
450 2199 735 2283 comprehendere,
768 2206 913 2282 septem
945 2200 1172 2265 liberalium
1204 2201 1312 2264 artiur

198 2311 275 2372 orbe
305 2311 487 2371 coartatam
515 2329 593 2370 esse.
640 2305 688 2369 De
717 2307 834 2389 quibus
858 2308 1031 2390 potissima
1053 2309 1239 2372 testimonia
1258 2307 1312 2370 hat

273 2500 297 2567 ²¹²)
319 2497 431 2568 [Editus
449 2500 656 2568 programmate
675 2499 835 2553 academico
855 2499 991 2552 Bonnensi
1011 2516 1035 2553 a.
1054 2506 1121 2554 1845
1142 2501 1181 2554 sic
1199 2498 1312 2568 inscript⁴

201 2588 357 2641 ‘Natalicia
382 2587 580 2656 Angustissimi
600 2587 684 2658 Regis
704 2587 836 2641 Friderici
856 2587 988 2640 Guilelmi
1008 2588 1060 2641 llll
1075 2631 1082 2644 .
1098 2631 1104 2643 .
1121 2632 1126 2642 .
1144 2633 1149 2643 .
1169 2590 1194 2644 d.
1214 2589 1258 2643 XV
1273 2587 1312 2641 0<

199 2694 223 2731 a.
245 2675 533 2731 crolscccxxxxr'
558 2676 780 2730 concelebranda
804 2675 904 2729 indicit
927 2676 956 2730 1⁴¹.
976 2676 1008 2729 R.
1047 2677 1145 2731 Insunt
1164 2676 1312 2742 Quaestiorn

199 2766 410 2819 Varronianae’.
440 2765 614 2832 Bibliopolas
634 2765 752 2818 traditus
772 2764 878 2833 prodiit
897 2765 925 2816 in
941 2764 1094 2832 publicum,
1114 2766 1312 2835 inscriptioncff

199 2857 321 2908 mutata:
338 2855 390 2907 ‘De
402 2854 437 2906 M.
451 2854 574 2908 'l'erentii
585 2854 716 2908 Varronis
726 2854 935 2922 disciplinarum
948 2854 1023 2908 libris
1034 2855 1246 2911 commentarius
1254 2847 1312 2907 itii

199 2947 227 2996 ct
246 2944 400 3012 praemissa
418 2945 471 2996 hae
491 2944 625 3012 epistula:
656 2944 827 2996 ‘Fridericus
848 2944 1016 2998 Bitschelius
1040 2944 1164 2998 inclutae
1189 2944 1312 2998 litteram

199 3032 359 3084 recademiac
375 3031 535 3084 Berussicae
555 3031 636 3085 sociis
657 3031 738 3084 classi
758 3032 905 3087 historicae
925 3038 954 3087 et
972 3033 1160 3103 philologicae
1180 3031 1309 3103 ascriptis

200 3119 278 3183 Quod
296 3121 331 3173 ad
343 3120 407 3188 Vos,
428 3120 480 3173 viri
499 3119 666 3187 gravissimi,
687 3120 758 3172 hauc
777 3140 860 3188 qnam
881 3123 986 3176 subieci
1001 3123 1122 3191 opellam
1138 3122 1209 3189 misi,
1227 3121 1253 3177 id
1265 3136 1312 3190 po·

199 3226 281 3275 quam
302 3209 385 3263 licere
405 3210 473 3263 mihi
494 3210 594 3262 Vestra
612 3208 764 3262 auctoritas
783 3211 876 3274 iussit,
905 3230 968 3265 curn
991 3213 1147 3281 opportune
1172 3211 1257 3264 lacere
1277 3212 1312 3262 tc

199 3298 300 3351 elabere
321 3302 350 3352 ct
370 3285 485 3352 Vestrae
511 3297 620 3366 gratiae
640 3302 669 3351 ct
687 3316 748 3350 meo
768 3299 860 3353 officio
880 3299 955 3352 visus
975 3317 1044 3353 sum.
1084 3299 1156 3352 Nam
1176 3315 1237 3350 cum
1254 3308 1312 3364 uu}

198 3388 387 3456 amplissimae
407 3389 533 3443 societati
554 3389 670 3443 Vestrae
690 3407 734 3442 mo
754 3406 812 3442 csse
832 3388 1017 3457 epistularum
1037 3385 1202 3442 commercio
1220 3385 1312 3438 iuuet!

198 3477 364 3542 voluissetis,
384 3481 412 3531 et
431 3478 453 3530 si
473 3478 539 3545 quid
560 3479 692 3532 haberem
712 3496 766 3546 quo
786 3478 882 3546 augeri
902 3478 1026 3547 optimae
1046 3477 1157 3531 litterae
1177 3474 1312 3528 viderent·

198 3566 226 3617 id
247 3569 277 3617 ut
296 3565 445 3618 Vobiscum
466 3568 699 3620 communicarem
719 3571 846 3620 auctores
866 3566 935 3619 mihi
955 3566 1146 3619 exstitissctis:
1171 3564 1236 3633 quid
1255 3579 1312 3622 mni

199 3671 257 3706 esse
274 3655 487 3706 cousentaneum
504 3655 597 3721 potuit
611 3672 695 3722 quam
712 3659 740 3709 ct
757 3656 810 3709 Vos
826 3657 985 3724 exspectare
1000 3657 1059 3707 tam
1075 3653 1226 3707 honorifico
1240 3650 1312 3706 iudi«

198 3744 230 3793 ut
255 3741 354 3793 saltem
382 3741 534 3794 voluntatis
560 3746 691 3811 prompta
716 3743 918 3810 significatione
946 3760 999 3795 non
1025 3742 1172 3811 indignum
1198 3758 1240 3794 mc
1265 3752 1312 3808 pr}

199 3833 315 3894 starem,
339 3833 367 3882 et
386 3849 430 3882 mre
454 3829 528 3896 grati
548 3848 598 3898 pro
618 3833 675 3884 tam
696 3832 837 3885 luculenta
856 3831 1053 3885 benevolentia
1072 3831 1160 3884 animi
1178 3829 1312 3884 usuam

199 3919 380 3987 impatienter
394 3918 566 3973 occasionem
583 3923 716 3989 captare?
746 3921 835 3990 Igitur
849 3921 931 3988 acqui
947 3920 1067 3988 bonique
1087 3938 1191 3988 quaeso
1210 3911 1312 3972 consul

199 4009 273 4075 quod
284 4008 378 4076 Vobis,
398 4009 451 4062 viri
471 4010 716 4078 praestantissimi,
737 4011 877 4064 levidense
897 4010 1090 4064 munusculum
1111 4009 1213 4064 obtuli:
1232 4000 1312 4077 quod

200 4096 278 4148 nulla
297 4097 353 4150 alia
374 4098 475 4152 virtute
496 4098 747 4164 commendabitur,
759 4100 848 4153 haud
868 4100 924 4153 scio
943 4115 979 4152 an
999 4090 1123 4166 aliquam
1143 4117 1160 4151 a
1179 4097 1264 4151 Vobis
1281 4108 1312 4164 g

200 4185 267 4239 tiam
288 4184 349 4252 ipsa
369 4186 405 4239 sit
424 4187 582 4255 argumenti
606 4190 816 4257 opportunitate
835 4189 982 4242 initurum:
1008 4189 1120 4257 quando
1143 4204 1199 4240 non
1222 4185 1312 4239 inim:¹

200 4274 379 4327 dum'l'uerit
403 4277 546 4342 tamquam
570 4277 739 4330 incunabula
765 4294 859 4330 earum
886 4277 988 4330 artium
1016 4277 1166 4346 respicere,
1195 4291 1266 4344 quae
1288 4270 1312 4324 ἱ·

201 4363 313 4416 adultae
342 4379 402 4414 eum
432 4365 511 4417 tanta
539 4363 681 4420 litteratae
707 4366 834 4434 Europae
862 4367 944 4420 laude
965 4366 1067 4420 Vestra
1092 4365 1238 4434 praeclara
1262 4379 1312 4432 ορ
