2932 5026
500 364 572 410 naa
595 363 752 411 nicusus
776 363 918 412 1101100.
1214 346 1274 410 131

225 527 263 570 er
295 504 421 590 Africa,
454 528 549 592 quem
583 529 710 573 summo
744 529 903 573 consensu
934 506 1141 591 poposcimus
1174 505 1335 572 invitone

225 613 354 697 quidem
378 612 517 679 Caesare
540 619 574 680 01
595 616 779 698 resistente,
801 636 866 679 non
890 614 975 700 quod
999 613 1060 679 tibi
1082 634 1182 698 puero
1200 613 1280 677 invi-

136 720 179 784 15
225 719 328 805 deret,
360 721 415 785 sed
447 743 487 786 ne
510 721 623 786 Africa
655 744 807 787 coronam
831 720 942 806 magni
966 719 1053 785 Iovis
1082 721 1279 805 attingeret?

224 862 268 874 -
296 826 386 903 Quae
419 849 492 892 cum
524 851 575 892 me
607 830 729 894 videret
761 829 938 894 verecunde
971 831 1215 913 agnoscentem,
1247 828 1281 891 in

226 935 409 1019 amplexum
442 935 615 1000 effunditur
643 941 689 1020 et,
721 958 808 1020 ama,
840 934 960 1019 inquit,
992 934 1094 1019 igitur
1122 933 1281 999 fautorem

225 1045 325 1106 tuum
350 1077 395 1087 -
419 1041 537 1118 Quidni
561 1042 688 1107 amem?
710 1041 815 1107 -Et
838 1065 934 1106 manu
959 1041 1151 1106 alterutrum
1173 1044 1281 1105 tenen-

224 1152 274 1211 tes
303 1147 488 1212 avidissime
510 1153 697 1218 nascentem
721 1150 897 1216 amicitiam
921 1147 1181 1229 foederabamus,
1210 1170 1282 1212 cum

225 1252 281 1316 ille
305 1253 395 1318 brevi
419 1254 591 1320 intervallo
615 1278 703 1340 usus,
726 1255 858 1341 etquid
881 1260 926 1339 tu,
949 1255 1063 1339 inquit,
1086 1257 1156 1318 tam
1174 1253 1228 1319 diu
1247 1254 1282 1318 in

225 1359 288 1424 hac
315 1361 504 1444 provincia?
540 1384 599 1426 nec
628 1361 661 1426 in
689 1365 833 1426 nostram
857 1361 1025 1426 Baeticam
1053 1360 1195 1425 excurris
1222 1382 1282 1425 nec

227 1465 339 1530 urbem
366 1467 459 1531 illam
487 1468 614 1552 revisis,
642 1468 697 1532 ubi
725 1491 836 1533 versus
867 1469 914 1533 tui
937 1491 956 1533 a
979 1467 1154 1532 lectoribus
1177 1467 1280 1532 eonci-

226 1575 347 1636 nuntur
370 1578 404 1637 et
427 1574 460 1637 in
483 1574 554 1639 foro
579 1573 667 1638 omni
691 1574 889 1639 clarissimus
912 1574 966 1639 ille
989 1574 1028 1639 de
1047 1573 1150 1639 Dacia
1172 1573 1282 1638 trium-

226 1678 311 1761 phus
339 1680 486 1744 exultat?
524 1684 658 1765 potesne
686 1703 759 1746 cum
786 1680 848 1745 hoc
878 1680 1035 1766 singulari
1058 1680 1189 1766 ingenio
1212 1685 1282 1745 tan-

161 1787 177 1801 '
226 1789 324 1870 taque
341 1791 460 1852 natura
478 1789 708 1871 provincialem
726 1789 886 1853 latebram
905 1787 997 1872 pati?
1019 1788 1102 1852 nihil
1116 1791 1149 1851 te
1163 1788 1281 1852 caritas

228 1891 332 1978 urbis,
355 1894 438 1958 nihil
461 1895 515 1959 ille
538 1896 683 1980 gentium
708 1895 842 1977 [vietor]
866 1896 1019 1979 populus,
1045 1895 1128 1960 nihil
1152 1899 1282 1960 senatus

228 2000 358 2064 movet?
381 2000 463 2065 nihil
486 2001 622 2087 denique
645 2003 700 2066 lux
719 2007 753 2067 et
769 2001 878 2087 fulgor
895 2002 999 2067 felicis
1019 2002 1155 2086 imperii,
1177 2003 1284 2086 quiin

230 2129 263 2171 se
295 2107 383 2192 rapit
416 2112 513 2192 atque
546 2109 705 2174 convertit
737 2108 881 2174 omnium
912 2108 1023 2173 oeulos
1051 2107 1219 2173 hominum
1247 2130 1284 2173 ac

230 2214 385 2280 deorum?
404 2217 574 2302 -Atque
597 2237 658 2302 ego
679 2218 767 2282 varie
792 2216 1012 2300 perturbatus,
1036 2213 1113 2299 quid
1132 2236 1216 2280 nunc
1236 2215 1284 2279 vis

228 2320 290 2385 tibi
318 2323 552 2405 respondeam?
585 2345 604 2388 0
633 2323 778 2407 quisquis
806 2344 854 2405 es,
884 2320 964 2385 mihi
988 2343 1114 2406 quoque
1137 2322 1202 2405 ipsi
1223 2321 1284 2386 hoc

228 2426 314 2492 idem
347 2428 464 2492 mirum
493 2429 593 2493 videri
621 2429 719 2512 solet,
751 2429 837 2513 quod
864 2450 931 2494 non
958 2429 1080 2495 Romae
1108 2450 1222 2493 morer.
1245 2462 1283 2474 -

229 2532 291 2599 Sed
322 2532 405 2597 nihil
439 2538 489 2598 est
520 2535 682 2599 difficilius
715 2558 813 2620 quam
845 2537 1006 2600 rationem
1039 2534 1170 2599 reddere
1194 2537 1285 2600 actus
1326 2583 1327 2586 η

228 2641 285 2705 111.
313 2677 357 2687 -
384 2641 490 2717 (luere
523 2642 631 2706 desine
665 2665 715 2706 me
747 2644 781 2707 in
810 2644 1000 2708 memoriam
1027 2642 1167 2726 priorem
1196 2642 1285 2706 redu·

230 2748 330 2812 cendo
359 2749 475 2812 vulnus
504 2747 650 2812 dolorum
675 2771 819 2814 meorum
843 2749 1033 2814 rescinde-re.
1078 2749 1221 2833 propitia
1243 2749 1287 2813 sit

139 2857 183 2921 35
230 2856 288 2920 illa
316 2856 444 2938 civitas,
477 2860 510 2919 et
536 2855 684 2921 fruantur
711 2857 782 2940 illa,
816 2857 933 2942 quibus
962 2857 1092 2920 fortuna
1115 2855 1286 2939 permittit.

231 2963 317 3046 quod
346 2963 386 3026 ad
414 2985 465 3026 mc
492 2963 648 3047 pertinet,
677 2986 714 3027 ex
737 2964 795 3028 illo
820 2963 884 3047 die,
916 2964 1005 3028 cuius
1028 2968 1064 3027 tu
1088 2963 1169 3027 mihi
1192 2963 1286 3027 testis

230 3092 278 3153 es,
306 3072 481 3153 postquam
510 3074 654 3154 ereptam
682 3071 831 3135 manibus
860 3074 894 3135 et
916 3070 1016 3155 capiti
1038 3091 1190 3135 coronam
1214 3092 1286 3136 meo

231 3177 308 3262 vidi,
331 3181 402 3240 tota
421 3197 521 3261 mens,
545 3180 633 3241 totus
659 3177 785 3241 animus
808 3177 925 3242 resiliit
944 3180 1040 3262 atque
1060 3177 1227 3241 abhorruit
1245 3176 1286 3241 ab

231 3283 291 3347 illa
313 3284 454 3367 civitate,
478 3283 620 3366 adeoque
644 3305 715 3347 sum
739 3305 909 3367 percussus
934 3288 965 3346 01
984 3287 1209 3348 consternatus
1228 3284 1286 3349 illo

139 3392 185 3455 40
231 3390 358 3473 dolore,
386 3393 422 3454 ut
450 3390 577 3475 patriae
604 3413 731 3476 quoque
760 3413 850 3456 meae
874 3390 996 3455 oblitus
1020 3393 1079 3472 [et]
1103 3392 1287 3474 parentium

231 3497 472 3562 carissimorum
492 3499 610 3563 similis
624 3499 745 3563 furenti
759 3497 822 3561 hue
837 3501 869 3561 et
883 3497 962 3562 illuc
976 3517 1077 3581 vager
1089 3519 1146 3581 per
1159 3496 1288 3562 diversa

231 3607 398 3668 terrarum.
421 3603 532 3668 -111
560 3604 632 3688 1110,
662 3626 744 3688 quae
767 3608 877 3670 tamen
899 3605 971 3669 loca
995 3625 1115 3687 quasve
1138 3604 1287 3686 regiones

233 3709 437 3795 peragrasti?
458 3748 500 3756 -
521 3709 556 3776 si
578 3711 625 3775 ita
647 3711 795 3797 indulges
814 3714 892 3795 otio,
914 3713 1011 3797 plane
1031 3732 1128 3795 quam
1146 3710 1288 3775 breviter

234 3837 402 3901 exponam,
423 3839 483 3882 nec
507 3817 629 3882 invitus
653 3818 796 3902 priorum
820 3819 1023 3884 recordabor.
1047 3818 1187 3902 primum
1211 3815 1288 3881 Sici-

141 3925 187 3988 45
233 3923 312 3988 liam
334 3923 477 3987 nobilem
501 3924 569 3987 vidi
588 3924 797 3989 domesticam
817 3923 952 3990 Cereris.
983 3924 1155 3988 secundam
1175 3924 1288 3988 deinde

234 4029 351 4095 Creten
378 4032 520 4115 patriam
548 4029 719 4113 Tonantis,
747 4036 779 4095 et
807 4055 826 4096 a
853 4033 953 4096 latere
981 4031 1103 4095 vicinas
1128 4028 1288 4115 Cycladas

235 4137 383 4202 salutavi.
427 4137 502 4201 inde
531 4159 583 4201 me
610 4136 758 4221 Rhodos,
785 4142 817 4201 et
845 4139 886 4202 ab
914 4159 1062 4222 regressu
1086 4138 1288 4223 Aegyptium

233 4244 368 4330 pelagus
393 4243 533 4326 [allexit]
541 4295 549 4326 ,
577 4247 613 4307 11
636 4266 693 4308 010
715 4243 785 4307 Ν111
808 4244 949 4309 viderem
973 4249 1006 4308 et
1028 4243 1183 4327 populum
1206 4263 1343 4307 sem-sos

233 4373 292 4437 per
313 4353 348 4416 in
366 4352 497 4435 templis
517 4351 659 4415 otiosum
677 4351 864 4435 peregrinae
883 4350 962 4414 deae
981 4349 1079 4415 sistra
1096 4349 1288 4432 pulsantem.

147 4460 192 4527 50
237 4459 312 4524 inde
343 4481 454 4525 rursus
477 4457 609 4523 Italiam
641 4457 734 4542 redii,
766 4460 799 4521 et
829 4457 938 4524 taedio
967 4456 1067 4523 maris
1094 4474 1166 4520 cum
1189 4457 1288 4527 medi-
