2932 5026
159 295 224 359 358
580 309 627 354 nn
651 309 686 354 n.
710 305 882 354 cannonis

159 454 243 518 iecto
275 475 312 518 eo
343 452 418 516 libri
449 472 583 516 numero
614 449 669 534 qui
700 449 740 513 ad
770 470 852 533 opus
882 448 1069 513 universum
1099 465 1184 511 xxlv
1210 446 1232 510 li

161 559 428 644 comprehensum
444 559 579 641 spectat,
597 555 730 620 tametsi
745 559 898 638 quattuor
913 555 953 618 ab
968 553 1064 619 initio
1078 553 1156 618 libri
1174 553 1231 617 mir

161 663 300 732 suntad
325 662 513 729 Ciceronem
537 663 659 747 scripti.

701 859 775 940 sc.

248 985 393 1049 Primum
424 988 532 1049 autem
560 984 668 1050 locum
691 1004 742 1047 res
765 982 838 1067 ipsa
860 984 1005 1068 loquitur
1026 987 1231 1071 grammati

160 1091 341 1157 Varronem
370 1114 442 1157 cum
472 1092 605 1176 reliquis
633 1090 819 1155 auctoribus
847 1091 998 1156 omnibus
1022 1091 1192 1177 tribuisse.

135 1199 244 1265 alibro
263 1198 358 1262 facile
378 1198 574 1281 perspicitur
592 1197 685 1261 illum
704 1201 872 1282 tamquam
892 1198 1085 1281 quibusdam
1104 1199 1231 1266 lineamr

163 1328 235 1368 eam
259 1309 362 1369 artem
387 1305 605 1386 adumbrasse,
629 1323 725 1387 quam
745 1303 876 1367 uberius
895 1325 968 1366 cum
986 1304 1020 1367 in
1040 1322 1128 1375 xxiv
1147 1307 1184 1369 de
1201 1307 1231 1370 lit

163 1413 264 1477 letina
286 1411 389 1495 libris,
412 1415 482 1475 tum
506 1410 553 1474 eis
577 1409 669 1474 libris
692 1415 879 1494 persecutus
904 1415 953 1474 est
977 1431 1057 1494 quos
1080 1412 1117 1476 dc
1140 1413 1231 1495 linare

163 1521 232 1584 tina
254 1519 306 1584 vel
330 1518 439 1602 potius
462 1518 499 1582 de
520 1537 657 1582 sermone
680 1517 778 1582 lat-inc
799 1519 843 1582 al
858 1517 1046 1582 Marcellam
1069 1517 1206 1601 scripsit

163 1626 278 1690 desunt
300 1624 524 1689 Varronianae
553 1623 720 1687 doctrinae
750 1626 857 1687 certae
885 1623 972 1706 apud
994 1625 1192 1707 posteriores
1215 1626 1231 1690 d

163 1733 325 1816 pliuarum
349 1732 522 1814 scriptores
546 1735 650 1794 notae.
696 1728 840 1794 Isidorus
868 1727 993 1793 eniml
1026 1751 1051 1794 c.
1085 1731 1105 1795 3
1132 1734 1231 1814 prinn

164 1839 211 1902 ait
231 1838 453 1921 praesumtiose
475 1839 553 1902 artis
576 1837 694 1901 litterae
716 1856 889 1901 concnrrcnes
911 1837 1060 1915 existant,
1087 1860 1165 1920 enas
1189 1840 1231 1903 lic

163 1950 192 2009 et
221 1944 418 2009 calculatores
454 1947 630 2025 separentur.
671 1963 806 2025 quarunt
841 1943 1007 2026 disciprlina
1042 1945 1124 2008 ceint
1160 1968 1231 2027 erra<

160 2051 383 2133 praecinctione
405 2051 484 2114 artis
506 2050 649 2128 infantia
671 2053 722 2127 cst,
745 2050 826 2113 nnde
843 2054 872 2112 et
889 2070 958 2115 corn
978 2049 1078 2116 Varro
1096 2052 1231 2118 litterati<

163 2162 257 2221 occat.
304 2156 448 2231 Quocum
477 2156 663 2220 conferendi
686 2155 889 2240 Augustinus
917 2156 956 2221 de
984 2156 1051 2221 ord.
1073 2156 1120 2240 II,
1145 2159 1203 2223 35:

164 2267 208 2327 est
229 2263 286 2326 illa
305 2262 507 2326 librariorum
524 2266 553 2325 ct
569 2263 762 2328 calaritanum
775 2264 927 2346 professio
943 2265 1024 2330 ceint
1040 2266 1192 2348 quamam
1207 2288 1231 2350 e

165 2370 297 2433 erraticae
319 2369 466 2448 infantia,
488 2389 583 2451 quarn
607 2369 706 2434 Varro
730 2371 944 2437 litterationem
963 2377 1066 2437 vocat:
1086 2394 1193 2455 praece
1211 2395 1231 2436 a

165 2476 312 2558 amatodo
335 2475 512 2558 appetent,
539 2495 603 2540 non
629 2477 706 2556 setis
729 2479 764 2541 in
782 2480 1093 2559 cenatiuncula
1127 2477 1230 2544 Marci

166 2583 215 2646 ΠΙ
247 2605 277 2664 p.
310 2582 366 2664 50,
398 2581 454 2645 ubi
482 2581 580 2645 verba
607 2582 730 2647 faciens
758 2583 977 2648 Grammatico
1005 2585 1076 2649 binc
1107 2584 1215 2667 inquit

166 2689 318 2753 ltonemns
349 2689 540 2755 litteraturae
569 2710 679 2753 nonan
709 2690 884 2771 adscripsit,
916 2692 1057 2771 quamvis
1086 2693 1231 2770 infarrtcn

168 2796 381 2859 litterationem
404 2794 532 2858 coluerit
554 2777 746 2875 nnncnparc,
769 2796 848 2859 sient
868 2798 953 2876 apici
975 2796 1108 2861 Graecos
1130 2821 1231 2882 ypapp

168 2898 262 2984 στική
279 2902 428 2984 primitus
442 2901 611 2976 cecitatem
635 2901 741 2982 Asper
755 2899 902 2964 Putsehii
916 2924 946 2983 p.
962 2901 1059 2966 1725:
1082 2925 1178 2985 qnam
1192 2903 1231 2990 (g

168 3006 337 3092 malicum)
364 3009 523 3072 Terentius
546 3009 639 3071 ctiam
668 3008 767 3071 Varro
784 3010 926 3089 prinnina
949 3013 983 3072 nt
1004 3010 1104 3074 mitrae
1126 3013 1231 3076 rentem

163 3116 312 3196 pellatam
348 3135 409 3177 essc
445 3113 519 3175 elicit
550 3113 774 3188 litteraturam
812 3099 935 3177 Marius
959 3113 1147 3181 Victorinus
1172 3118 1231 3183 einr

169 3246 199 3305 p.
224 3222 308 3284 2451
335 3218 451 3304 (Gaisl’.
474 3218 567 3284 Metr.
591 3242 621 3302 p.
645 3217 694 3304 2):
727 3225 763 3284 nt
791 3221 925 3285 Varroni
948 3222 1061 3306 placet,
1084 3245 1138 3289 ars
1158 3248 1231 3308 φναν

170 3329 240 3410 tica,
263 3349 341 3410 qnae
363 3349 384 3390 a
406 3327 493 3391 nobis
516 3328 692 3391 litteratura
714 3328 835 3404 dicitur,
859 3330 985 3391 scnrrtia
1008 3334 1052 3394 est
1073 3352 1180 3395 corum
1197 3356 1231 3415 qa

167 3435 277 3516 poetis,
309 3434 462 3498 tristorieis
490 3434 719 3515 oratorilnrsqae
746 3436 890 3498 (innectar
912 3456 948 3498 aa
965 3440 1058 3517 parte
1080 3440 1206 3503 rnaiora

165 3544 336 3625 praecipuo
359 3543 464 3621 officia
485 3546 559 3604 scint
580 3545 732 3622 palatuar,
762 3546 796 3603 nt
818 3542 881 3623 ‘ipsi
902 3542 1017 3624 placet,
1043 3544 1186 3627 scribere,
1216 3547 1231 3611 l

174 3649 352 3730 intellepcre,
371 3644 545 3730 probare.*)
593 3647 702 3730 Atque
730 3648 810 3712 haec
839 3650 948 3712 omnia
975 3650 1036 3713 etsi
1061 3657 1177 3732 suapte
1202 3675 1231 3716 nr

173 3755 251 3817 talia
275 3758 363 3836 sunt,
392 3753 500 3836 (puelia
523 3753 688 3836 potuerint
711 3757 809 3818 etiam
833 3755 867 3819 in
891 3756 1056 3819 alterutris
1079 3759 1116 3821 cle
1139 3759 1231 3841 ctrina

173 3864 240 3925 tina
262 3859 355 3924 libris
380 3860 528 3942 tractari,
557 3865 667 3924 tamen
696 3861 801 3925 omnis
831 3861 869 3925 dc
898 3862 1054 3947 singulari
1083 3886 1231 3930 commen

173 3967 333 4031 dubitatio
356 3967 548 4050 planissimo
571 3967 757 4031 testimonio
781 3973 976 4052 removetur,
1005 3971 1089 4054 quod
1114 3993 1131 4034 e
1157 3972 1219 4038 Gn.

263 4142 288 4210 *)
307 4141 340 4194 ln
359 4141 415 4197 alio
435 4141 521 4212 igitur
540 4143 611 4197 libro
631 4143 699 4197 banc
719 4144 811 4212 posita
830 4143 884 4197 fuit
904 4144 1028 4199 eiusdem
1049 4144 1181 4199 Varronis
1201 4165 1231 4216 pe

173 4232 209 4284 ad
233 4247 395 4300 graccorum
419 4233 576 4301 exemplum
596 4231 792 4301 magistrorum
813 4234 997 4288 conformata:
1022 4238 1231 4303 prarrrnrnticr’c

175 4325 205 4372 nt
224 4319 320 4373 asserit
344 4318 446 4384 Varro,
471 4326 596 4374 cerestant
619 4322 651 4374 in
669 4322 799 4389 partiens
817 4326 960 4389 quattuor,
985 4323 1110 4389 lectiores,
1133 4341 1231 4378 errem

175 4409 366 4476 attentatione,
384 4409 496 4464 tertiato.
534 4410 663 4465 Testatur
681 4409 829 4464 Diomedes
848 4410 873 4463 ll
892 4429 918 4481 p.
939 4416 999 4467 4⁶21.
