2932 5026
185 290 251 353 216
574 306 610 352 ru
635 305 743 353 vmxn
768 304 933 354 rausnru

186 453 255 513 tate
282 471 415 532 prorsus
444 448 590 532 amabili,
624 449 751 532 copiam
780 448 859 512 mihi
888 447 1008 512 faceret
1038 448 1336 532 exoptatissimam:

187 556 248 620 etsi
272 556 309 619 de
329 557 425 620 rebus
443 556 608 640 plerisque
627 555 706 620 satis
726 555 810 619 iuter
825 551 1030 638 Schopenum
1045 554 1336 641 Hunzikerumque

187 664 357 728 convenire
381 663 529 748 cognovi,
552 667 661 728 tamen
681 661 838 747 quaedam
859 662 1059 729 offendebam
1079 663 1218 728 molesto
1242 662 1337 726 testi·

187 770 370 834 moniorum
398 769 532 834 discidio
562 773 630 833 tam
659 770 812 854 ambigua
840 775 877 834 ut
905 791 969 834 nou
999 769 1204 834 mediocriter
1227 769 1337 834 haesi·

187 880 299 940 tarem.
345 875 415 942 Hos
443 877 545 961 igitur
574 875 742 958 scrupulos
770 880 806 939 ut
834 876 872 940 de
900 875 1005 940 medio
1035 897 1146 940 omncs
1174 874 1339 959 tollerem,

134 999 174 1038 4⁸2
189 982 227 1045 do
259 983 394 1068 singulis
425 982 653 1066 discrepantiis
685 982 761 1067 quid
792 983 923 1046 tandem
954 984 1000 1046 rei
1029 987 1115 1048 esset
1142 981 1291 1067 quaesivi
1319 1004 1338 1045 e

189 1090 256 1154 viro
282 1089 561 1173 praestantissimo
582 1087 700 1155 Garolo
720 1088 895 1156 Benedicto
914 1088 1033 1154 Hasio:
1056 1091 1146 1155 cuius
1170 1090 1340 1173 incompa-

188 1197 283 1261 rabili
306 1196 507 1261 humanitate
536 1200 605 1261 tam
633 1200 667 1259 et
693 1200 844 1280 prompte
873 1199 905 1261 et
933 1197 1027 1281 plene
1055 1218 1249 1280 responsum
1278 1202 1340 1278 est,

188 1308 224 1369 ut
253 1306 319 1368 iam
349 1308 516 1387 tamquam
548 1325 621 1368 cum
651 1303 831 1386 pulvisculo
861 1303 1036 1368 exhaustus
1064 1325 1134 1368 esso
1162 1325 1250 1368 cum-
1266 1302 1338 1367 the

188 1433 302 1476 saurus
333 1410 389 1474 illa
419 1408 575 1475 bonitatis
599 1406 764 1474 Parisinus
788 1410 820 1474 A
851 1414 920 1474 tum
952 1400 1051 1493 ldngo
1084 1410 1125 1474 ab
1155 1408 1213 1475 illo
1238 1408 1340 1474 inter·

188 1517 274 1583 vallo
303 1517 427 1581 distans
455 1516 489 1581 B
517 1516 618 1582 videri
647 1516 771 1580 debeat.
822 1514 917 1598 [Cum
946 1516 1049 1581 nihilo
1081 1517 1181 1581 setius
1209 1517 1340 1602 aliquot

188 1623 267 1686 locis
296 1627 437 1687 erratum
466 1645 536 1688 esse
564 1622 598 1686 in
627 1621 798 1687 afferendis
828 1622 972 1688 codicum
996 1622 1028 1686 A
1052 1625 1086 1685 et
1107 1622 1142 1687 B
1165 1622 1339 1707 scripturis

188 1728 391 1794 Froehnerus
410 1729 443 1793 in
458 1728 577 1794 Philol.
587 1747 663 1793 xv11
682 1751 713 1813 p.
728 1728 790 1793 357
803 1752 850 1814 sq.
869 1728 1097 1812 contendisset,
1116 1752 1136 1793 a
1154 1728 1340 1795 Ritschelio

189 1841 323 1921 rogatus
349 1834 513 1901 Gustavus
532 1835 720 1918 Meynchius
744 1839 914 1920 utrumque
939 1835 1081 1901 codicem
1107 1838 1338 1923 egregiarum

189 1943 348 2007 industria
376 1943 547 2027 descripsit
579 1943 647 2007 siue
675 1941 822 2025 depinxit
846 1946 943 2027 atquo
967 1942 1065 2028 louge
1089 1945 1338 2010 accuratissime

189 2050 370 2134 ubicunque
395 2049 563 2134 scrupulus
587 2051 686 2115 etiam
710 2050 830 2114 resedit
852 2050 970 2114 iterum
993 2050 1175 2136 iterumque
1198 2052 1241 2117 ad
1265 2052 1338 2118 Rit-

190 2155 345 2220 schelium
369 2157 505 2240 rettulit,
535 2158 583 2221 ita
606 2161 643 2221 ut
666 2180 750 2222 nunc
779 2180 856 2222 saue
884 2177 1004 2242 magna
1036 2180 1109 2222 cum
1141 2159 1342 2225 confidentia

190 2262 346 2327 affirmari
370 2264 474 2348 possit
497 2246 609 2329 omnid
630 2264 670 2328 ad
694 2264 849 2329 amussim
873 2286 944 2329 esse
968 2270 1090 2330 exacta
1127 2264 1161 2331 Ο.
1176 2266 1244 2347 W.]

280 2385 528 2453 Cheidensis
553 2390 788 2474 membraneus,
811 2374 1039 2456 iu'Vossianis
1066 2390 1141 2456 186:
1165 2392 1221 2476 qui
1246 2392 1341 2458 dubi·

190 2498 280 2559 tatur
304 2518 381 2560 num
404 2495 490 2560 forte
514 2496 634 2560 saeculi
650 2514 711 2561 mv
735 2497 787 2561 sit.
823 2496 862 2560 ln
884 2497 982 2562 Italia
1005 2498 1162 2580 scriptum
1186 2521 1258 2563 esse
1277 2506 1341 2566 otio

191 2602 351 2684 scriptura
373 2624 432 2686 pro
456 2608 518 2668 octo
541 2626 571 2686 p.
595 2605 669 2687 211,
695 2603 736 2667 10
762 2603 880 2668 iudicio
909 2608 966 2668 est
1012 2603 1107 2669 Hunc
1134 2605 1236 2670 habui
1265 2628 1342 2673 cum

192 2708 270 2771 mihi
304 2709 467 2774 conlatum
502 2710 542 2774 ab
570 2708 719 2795 Eugenio
742 2709 887 2775 Mehlero
921 2715 989 2775 tum
1023 2735 1042 2775 a
1070 2710 1239 2797 Schopeno
1265 2715 1342 2780 sibi.

193 2814 321 2896 [Denuo
347 2839 418 2880 eum
443 2817 512 2900 ipse
536 2817 733 2882 Ritschelius
757 2818 907 2882 excussit.
953 2816 987 2882 O.
1003 2818 1067 2898 W.]

280 2939 315 3004 D
347 2939 578 3004 Dresdcnsis
610 2939 731 3006 ‘Elcct
756 2939 845 3025 5391’,
869 2941 946 3027 lug.
971 2941 1010 3006 D.
1037 2943 1124 3028 13‘2’,
1157 2946 1341 3028 partimin

192 3046 389 3111 membranis
420 3047 539 3130 partim
574 3049 607 3111 in
639 3046 774 3135 chartis¹
793 3050 942 3133 scriptus.
998 3048 1167 3133 Schopeuo
1197 3051 1342 3121 loannes

194 3153 360 3218 Vahlenus
380 3154 518 3219 eontulit
537 3154 729 3235 [Ritschelio
750 3156 853 3220 multo
868 3156 1050 3221 accuratius
1065 3157 1225 3224 Aemilius
1242 3161 1340 3248 lung-

194 3283 332 3326 manuus
357 3266 390 3327 et
413 3262 593 3328 Ludovicus
618 3262 756 3346 laepius.
802 3262 837 3328 O.
851 3263 927 3344 W.].

280 3387 314 3451 Ε
335 3392 369 3452 et
390 3387 426 3453 F
445 3387 615 3453 Vaticanis
638 3387 861 3469 membraneis,
885 3388 941 3452 illo
968 3385 1144 3452 Vrbiuati
1168 3390 1249 3475 354,
1277 3393 1341 3460 hoc

192 3492 364 3578 lteginaa
386 3494 485 3578 1492,
508 3495 557 3559 uti
580 3494 671 3578 potui
696 3494 737 3558 ab
761 3493 883 3558 Ottone
907 3494 1084 3559 ltibbeclrio
1110 3496 1241 3576 {iterum
1267 3500 1341 3565 dili·

192 3599 382 3683 gentissime
407 3601 448 3664 ab
472 3601 622 3686 Augusto
647 3600 864 3665 Wilmannsio
889 3603 922 3666 O.
938 3601 1003 3682 W]
1029 3603 1177 3668 conlatis.

282 3724 312 3789 G
335 3722 639 3806 Neapolitanum
663 3726 764 3790 musei
790 3725 965 3791 llorbonici
988 3728 1051 3791 411
1077 3727 1155 3791 item
1180 3732 1340 3797 membra·

191 3853 287 3895 neum
311 3834 447 3915 rogatus
476 3855 496 3897 a
518 3854 569 3897 me
593 3832 754 3918 Georgius
778 3832 876 3897 Thilo
901 3835 1060 3917 excerpsit
1084 3836 1200 3919 [nuper
1222 3836 1339 3904 Hauri-

192 3960 248 4002 cus
271 3936 410 4004 Motzius
435 3940 582 4005 contulit.
628 3938 662 4005 C.
677 3939 753 4021 W.].

283 4079 426 4166 Accedit,
440 4083 495 4146 sed
510 4087 638 4146 tantum
654 4083 688 4148 in
702 4082 824 4147 Donati
840 4084 983 4148 auctario
1009 4085 1054 4168 (p.
1069 4084 1149 4168 214)
1173 4085 1340 4172 inspectus

194 4211 213 4252 a
250 4187 395 4274 Caspara
433 4188 567 4255 Barthio
605 4190 873 4255 Adversariorum
911 4189 966 4253 lib.
991 4209 1026 4255 lv
1064 4214 1133 4274 cap.
1157 4195 1201 4258 26
1239 4198 1338 4265 codor

193 4294 319 4359 ltalus
352 4297 421 4379 ille,
453 4319 546 4381 qumn
580 4299 710 4362 tametsi
742 4296 895 4361 Barthius
928 4295 1217 4365 ‘vetustissimum’
1250 4304 1340 4391 dicit,

193 4408 302 4468 tamen
324 4426 388 4468 uon
408 4402 572 4468 dubitabis
592 4406 623 4469 iu
647 4412 826 4471 ceterorum
841 4426 974 4469 numero
989 4405 1190 4472 noviciorum
1209 4408 1341 4483 habere.
