2932 5026
447 350 721 401 mscmnrnsuvu
744 352 870 401 nrsms.
1165 332 1229 399 381

85 494 176 560 tione
202 493 300 559 etium
322 496 447 559 ceteras
470 493 606 579 formas,
634 517 716 580 quse
740 495 958 581 singularibus
983 494 1108 559 artibus
1132 496 1232 558 mate·

78 602 169 667 riam
187 600 414 687 praebuerunt,
432 601 571 688 singulis
589 603 682 668 libris
698 603 872 687 seperatim
887 601 1087 687 explanatas.
1111 600 1229 676 Quales

76 712 165 775 sunt
189 708 390 773 astronomia
412 712 446 773 et
468 709 605 787 musica,
636 732 674 776 eo
697 709 828 795 quidem
850 709 931 775 haec
954 709 1060 794 magis
1084 729 1230 773 seorsum

74 814 266 898 tractanda,
293 813 393 899 quod,
422 836 502 901 quos
526 839 544 880 e
566 817 745 902 geometria
767 816 857 882 locos
882 816 1011 900 ascivit,
1039 814 1069 880 ei
1093 836 1134 879 ne
1157 836 1230 881 con·

75 924 251 987 summunt
279 919 410 1005 quidem
442 921 610 986 notionem
640 922 796 1007 musicae,
829 921 886 986 sed
913 919 1081 985 dimidiam
1103 923 1230 1005 purtem

75 1026 241 1111 reliquam
259 1025 399 1092 faciunt:
423 1049 498 1092 narn
518 1031 705 1108 θεωρητικαὶ
725 1034 801 1094 sunt
819 1028 1015 1114 rhythmica,
1033 1027 1231 1108 harmonice,

77 1132 227 1217 metrica,
249 1134 367 1218 quibus
391 1135 540 1200 accedere
565 1139 737 1217 πρακτικὴν
757 1139 889 1221 oportet
906 1157 989 1220 quae
1008 1139 1058 1200 est
1075 1135 1231 1218 omnim.

79 1239 231 1325 Eamque
253 1262 318 1305 unu
340 1242 543 1327 complexum
568 1266 638 1308 esse
657 1243 838 1309 Varronem
862 1265 933 1308 cum
958 1266 1008 1308 res
1032 1244 1104 1328 ipsa
1123 1241 1232 1326 arguit

81 1349 162 1409 tum
180 1348 324 1413 tsbiunm
349 1351 498 1434 exempla
520 1349 635 1416 docent
659 1372 697 1415 ex
716 1350 883 1416 Marciano
907 1350 1147 1435 scholiastuque
1166 1346 1231 1413 Ho-

81 1453 208 1522 ratiano
239 1476 341 1541 supro
372 1459 503 1542 prolata
535 1461 555 1540 ξ
584 1460 604 1524 6
636 1464 669 1524 et
697 1459 717 1539 ἓ
745 1459 792 1523 10.
843 1457 967 1534 Quibus
997 1458 1064 1522 iam
1095 1456 1228 1520 tertium

81 1556 167 1625 adde
186 1560 290 1629 Servii
312 1562 349 1628 in
371 1562 452 1628 Aen.
475 1564 532 1649 lx,
554 1566 633 1631 618:
655 1568 793 1630 etenim
826 1564 925 1630 Varro
946 1565 1002 1641 ait,
1026 1563 1102 1628 tibio
1124 1562 1230 1646 Pbry-

75 1664 145 1744 σία
163 1669 267 1735 clatra
292 1689 392 1734 unum
416 1669 558 1751 forum
586 1672 687 1752 babet,
718 1674 849 1739 sinestra
871 1673 947 1756 duo,
977 1692 1106 1754 quorum
1130 1691 1229 1734 senum

78 1778 205 1841 ssadum
231 1796 343 1843 sonum
369 1776 471 1862 babet,
500 1780 632 1845 alterum
651 1802 786 1864 provere.
832 1778 1030 1855 Quibuscum
1054 1778 1163 1843 nescio
1188 1799 1229 1841 an

76 1881 169 1959 apud
198 1885 306 1968 ipsum
334 1883 514 1951 Varronem
549 1886 719 1953 coniuncta
751 1886 871 1951 tuerint
904 1866 986 1971 quus
1020 1885 1229 1969 praecedunt:

74 1982 175 2055 &dtas
199 1996 256 2057 out
281 2012 434 2058 sarronae
459 1994 617 2076 dictentur,
644 2015 723 2077 quac
750 2000 824 2060 sunt
845 2015 941 2077 parce
963 1999 991 2058 et
1012 1995 1153 2077 aeqeeulcs
1174 1992 1228 2056 lsa-

73 2082 153 2158 beo
173 2118 327 2179 cavemus,
349 2104 406 2164 ast
422 2098 586 2185 Pbrygiae,
609 2122 687 2184 quoe
708 2106 737 2167 et
759 2103 893 2184 irrqscres
914 2105 986 2165 eant
1008 2106 1037 2165 ct
1055 2100 1229 2182 ircosquales

72 2191 193 2270 habeo
208 2226 363 2272 cavernas.
399 2206 512 2293 Neque
531 2209 720 2294 organicam
735 2209 878 2274 Isidorus
893 2208 925 2273 in
941 2207 1082 2273 musicae
1101 2228 1228 2271 enarre·

75 2302 173 2375 tione
196 2314 429 2396 praetermisit:
452 2335 647 2401 quemquam
677 2316 759 2380 miro
788 2336 865 2380 sune
888 2313 1022 2379 consilio
1046 2313 1228 2396 tripertitae

76 2407 232 2485 divisioni
253 2418 305 2485 illi
328 2442 401 2486 eam
424 2422 660 2506 expositionem
684 2422 803 2487 subicit
826 2444 851 2486 c.
869 2422 908 2485 19
924 2443 1002 2505 sqq,
1029 2442 1092 2504 qua
1110 2419 1144 2483 in
1163 2441 1228 2484 me·

79 2518 186 2590 tricae
205 2525 311 2599 locum
335 2528 489 2614 organica
512 2528 611 2594 tacite
634 2527 853 2592 substituitur.

605 2729 625 2806 ἓ
653 2726 700 2790 15.
1240 2763 1266 2803 ss

177 2845 289 2932 Tertia,
312 2849 345 2912 in
370 2872 433 2934 que
457 2872 662 2914 numerorum
687 2850 803 2935 uliquis
826 2850 1033 2932 ususliebat,
1056 2848 1227 2932 disciplina

87 2950 145 3009 ‘St
168 2954 374 3021 rhetorica:
405 2957 438 3021 in
470 2980 533 3042 qus
556 2963 677 3042 quanto
703 2958 809 3023 studio
834 2980 994 3042 quumque
1019 2956 1129 3021 subtili
1156 2956 1226 3020 dili-

84 3058 193 3127 <gentis
222 3061 424 3145 syllabarum
455 3086 623 3129 mensurus
655 3071 776 3130 veteres
806 3064 953 3149 magistri
984 3065 1150 3149 exegerint
1174 3086 1225 3146 pe-

80 3149 219 3251 duInque
245 3168 389 3234 rationes
419 3175 450 3234 et
475 3172 669 3254 multiplices
694 3173 932 3255 complexiones
957 3173 1165 3255 pensitaririt,
1194 3171 1226 3233 in

77 3263 197 3351 Vulgus
226 3281 364 3341 constat.
410 3275 523 3361 Itaque
554 3278 592 3341 dc
617 3278 678 3342 hoe.
702 3298 819 3361 genere
844 3279 876 3341 in
900 3278 1061 3341 rhetorica
1086 3279 1226 3342 breviter

65 3376 245 3474 Qeeepit
268 3381 452 3448 Marcianus
479 3382 505 3445 V
535 3406 563 3466 p.
592 3386 652 3447 168
673 3407 741 3467 sqq.
796 3383 947 3465 idemque
974 3382 1151 3446 Varronem
1181 3384 1226 3444 ls-

60 3478 163 3547 ⁰¹⁸³&
193 3513 231 3554 er
257 3489 364 3553 Rufini
395 3489 433 3554 de
465 3491 575 3554 metris
604 3494 768 3554 oratorum
794 3488 1060 3554 commentariolo
1085 3512 1114 3571 p.
1138 3490 1226 3553 2720

54 3558 102 3632 p·
134 3587 202 3661 398
218 3595 255 3661 G.
279 3595 493 3680 intellegitur:
517 3597 612 3661 dolicae
635 3599 671 3661 de
694 3599 830 3661 terrueris·
852 3596 886 3660 lo'
908 3595 1151 3682 (seripserunt):
1175 3596 1224 3659 (l-

43 3683 151 3791 ρῗνθ,
178 3703 361 3786 Victorum,
384 3703 603 3787 Hieronymus,
629 3706 839 3783 licentiosius,
866 3706 972 3788 Varro,
995 3703 1123 3781 Probae,
1147 3702 1225 3768 Clee-

37 3787 188 3891 'teins’
219 3810 395 3890 Diomedes
425 3812 650 3891 Qeeintilionus‚
679 3812 837 3890 llucuztue,
864 3812 997 3877 Sestius,
1042 3810 1079 3874 ln
1108 3812 1225 3895 quibus

36 3872 309 4000 Hieronymum
328 3920 367 3983 de
381 3918 576 3984 Graecorum
597 3920 651 4004 qui
671 3920 867 4003 praecedunt
887 3920 1041 3984 societate
1061 3919 1224 3983 sublatum

31 3996 280 4091 rePosuimus
313 4027 347 4090 in
380 4027 509 4092 Eusebii
541 4028 656 4092 locum.
711 4027 759 4090 De
793 4027 935 4091 numeris
969 4032 1076 4090 sertem
1111 4024 1225 4108 prosse

29 4103 235 4197 Orationis
257 4134 347 4218 loqui
362 4132 513 4197 Rufinum
533 4134 787 4199 luculentissime
807 4157 878 4198 cum
899 4134 1084 4218 latinorum,
1108 4134 1224 4217 quibus

90 4236 258 4304 aInonem
278 4241 393 4324 iunxit,
416 4244 485 4304 tum
509 4263 698 4326 graecorum
722 4240 972 4326 (Tbresgmoclu',
997 4240 1140 4325 Gorgiae,
1159 4241 1224 4305 Isu-

36 4320 190 4421 cratis,
217 4346 246 4410 T
246 4347 413 4432 lienteum,
443 4349 649 4431 Theophrasti
676 4347 749 4431 eet.)
780 4351 913 4414 nomine
944 4350 1135 4432 scriptorum
1169 4349 1224 4412 do-

49 4432 172 4531 Qsst,
191 4456 354 4541 omnisque
378 4457 509 4521 omnino
533 4457 665 4522 illorum
692 4456 862 4521 inultitudo
882 4456 1100 4539 exenuplorum
1120 4476 1136 4515 e
1156 4455 1223 4539 plu·
