2932 5026
138 328 203 393 600
337 337 620 389 enesnamonvn
645 333 947 383 carvunmnaavn
970 331 1087 381 nares.

136 508 206 552 esse
235 487 270 550 in
298 484 444 549 ordinem
473 480 609 566 eogendi
636 478 761 544 librarii
790 478 988 543 viderentur:
1019 475 1116 540 Rura
1141 473 1211 539 colit
1228 508 1275 557 -,

138 593 212 658 Non
232 591 372 675 glaebam
389 625 443 671 -,
466 587 620 670 squalere
643 622 694 667 -‚
718 585 793 649 Non
813 583 943 649 humilis
963 618 1014 667 —,
1037 582 1116 647 Nou
1135 580 1205 662 falc
1224 603 1276 644 -r

137 700 172 763 in
200 719 300 762 unum
333 695 462 780 quidem
495 692 661 759 cumulata
692 691 849 758 arationis
882 688 1124 775 significatione
1157 686 1280 771 triplici,

139 806 199 871 sed*
217 808 255 869 ut
277 826 336 868 nec
364 801 580 886 frigidissima
603 798 798 875 ταυτολογία
825 798 984 862 vitaretur
1008 799 1043 860 et
1070 794 1125 860 bis
1152 793 1280 858 iteratae

47 894 49 898 ὗ
138 914 173 976 in
195 911 342 975 versibus
369 908 533 975 continuis
557 907 632 971 Non
659 904 837 989 particulae
866 905 1020 968 venustas
1047 900 1180 986 periret
1218 896 1281 964 Nec

139 1016 285 1101 profecto
308 1015 381 1098 plus
405 1015 461 1079 ille
485 1014 690 1098 profecisset,
712 1012 741 1076 si
764 1032 837 1076 enm
860 1010 1007 1076 ordinem
1026 1006 1283 1074 commendasset

139 1145 233 1206 quem
258 1123 287 1186 ei
314 1143 429 1205 parum
457 1121 520 1186 fide
547 1119 665 1205 dignus
694 1119 787 1183 testis
816 1117 902 1182 idem
929 1117 986 1181 ille
1009 1112 1284 1181 Mitscherlichiue

137 1228 266 1292 tribuit:
299 1228 372 1293 Non
399 1228 527 1292 humilis
552 1264 606 1304 —,
635 1226 709 1291 Non
733 1226 806 1305 falc
830 1261 886 1302 -,
914 1223 1007 1288 Rura
1035 1220 1110 1286 colit
1132 1254 1190 1305 -,
1216 1218 1286 1285 Non

137 1335 278 1417 glaebam
301 1372 358 1413 —‚
385 1334 539 1416 Squalidc
562 1372 613 1397 —.
650 1331 773 1397 Nostro
802 1330 923 1396 iudicio
947 1331 1004 1395 ant
1032 1327 1156 1392 fallunt
1178 1326 1285 1392 omnia

140 1444 196 1506 aut
218 1441 281 1506 boc
305 1463 374 1506 sese
397 1441 509 1506 ordine
532 1462 644 1505 versus
667 1461 743 1504 suos
766 1439 912 1522 excipere
934 1441 1035 1522 poeta
1056 1434 1178 1499 voluit:

228 1547 317 1611 Rura
340 1547 420 1612 colit
442 1569 552 1612 nemo:
575 1546 771 1611 mollescunt
793 1544 879 1610 eolla
901 1543 1056 1608 iuuencis.

228 1652 304 1717 Non
327 1652 459 1717 humilis
484 1653 591 1717 curuis
614 1657 774 1737 purgatur
796 1651 891 1716 uinea
914 1649 1046 1732 rastris3

227 1757 305 1823 Non
327 1759 394 1822 falx
418 1761 568 1823 attenuet
590 1758 815 1824 frondatorum
840 1757 966 1822 arboris
990 1757 1158 1840 umbram;

228 1864 303 1930 Non
327 1865 478 1949 glaebam
501 1885 604 1948 prono
629 1864 783 1929 conuellit
806 1885 936 1929 uomere
959 1867 1089 1927 taurus:

230 1970 386 2055 Squalida
408 1970 545 2035 desertis
568 1971 685 2055 rubigo
709 1970 847 2036 infertur
870 1970 997 2035 aratris.

141 2093 311 2158 Generalis
336 2096 387 2158 est
408 2093 494 2157 enim
517 2093 742 2177 quamprimo
767 2115 862 2159 versu
884 2093 1056 2177 praemisit
1077 2095 1289 2160 sententiam:

141 2198 217 2264 ‘uec
249 2199 396 2264 homines
430 2204 606 2284 operentur
636 2222 695 2264 nec
727 2199 876 2265 bestiae'.
920 2199 1024 2276 Quam
1057 2201 1106 2266 sic
1138 2200 1289 2286 deinceps

141 2305 345 2390 persequitur
373 2305 581 2390 singillatim,
611 2310 649 2370 ut
676 2307 779 2371 eltero
808 2329 902 2372 versu
930 2310 964 2371 et
991 2307 1105 2391 tertio,
1139 2330 1226 2392 qnae
1252 2307 1289 2373 ad

142 2412 229 2477 solos
248 2412 395 2477 homines
415 2412 590 2495 pertinent,
609 2417 848 2496 commemoret,
872 2413 1038 2478 vinearum
1056 2413 1288 2499 hortorumque

142 2519 314 2583 culturam:
347 2522 478 2602 quarto,
510 2519 595 2601 quod
628 2519 668 2584 ad
697 2523 865 2604 utrosque,
899 2521 1088 2585 arationem.
1127 2519 1190 2587 cui
1220 2544 1287 2586 eum

141 2626 290 2709 quintum
319 2624 450 2706 subicit,
483 2629 516 2687 et
544 2626 620 2708 quid
649 2626 882 2690 consectarium
912 2626 956 2690 sit
982 2647 1021 2689 ex
1050 2649 1089 2691 ea
1120 2630 1288 2693 vacatione

142 2730 234 2794 dicit:
267 2731 304 2793 ut
336 2730 520 2814 rubiginem
551 2728 655 2815 (iuxta
687 2753 760 2795 eum
788 2733 903 2795 rastris
931 2736 965 2796 et
991 2732 1147 2820 falcibus)
1182 2740 1288 2799 aratra

141 2838 288 2901 trahant:
317 2840 349 2900 et
377 2836 410 2899 id
438 2837 486 2900 ita
513 2837 591 2901 dicit
615 2842 651 2901 ut
673 2859 745 2902 cum
770 2843 839 2902 arte
867 2839 1043 2903 transitum
1072 2840 1113 2903 ad
1140 2842 1288 2923 proxima

143 2949 290 3026 quaerat,

234 3049 341 3133 Ipsius
365 3053 400 3112 at
423 3050 528 3132 sedes,
552 3073 753 3136 quacumque
778 3053 932 3136 opulenta
955 3053 1090 3118 recessit

231 3155 349 3239 Regia,
373 3155 513 3241 fulgenti
538 3158 707 3241 splendent
730 3181 809 3250 auro
833 3165 929 3246 atque
953 3164 1098 3245 argento.

143 3263 228 3328 Huic
252 3264 335 3327 enim
359 3261 523 3345 splendori
543 3266 751 3331 manifestum
771 3271 820 3330 est
839 3267 904 3330 situ
929 3267 1147 3351 squalentium
1173 3268 1290 3332 instru-

144 3374 326 3435 mentorum
351 3371 461 3434 sordes
489 3370 598 3436 dedita
621 3394 721 3455 opera
744 3374 874 3457 opponi.
898 3409 941 3420 —
969 3370 1056 3437 Satis
1083 3378 1194 3439 autem
1219 3398 1291 3439 eum

144 3499 240 3561 quem
277 3477 497 3541 revocavimus
538 3477 683 3543 ordinem
723 3479 888 3566 Vergilius
930 3482 1051 3563 tuetur,
1093 3482 1145 3545 cui
1190 3482 1291 3547 videri

145 3581 349 3647 Catullianos
373 3604 483 3647 versus
509 3583 697 3648 obversctos
723 3607 792 3650 esse
816 3586 851 3650 in
869 3586 995 3671 Ecloga
1012 3586 1061 3652 IV
1079 3610 1109 3652 r.
1123 3589 1169 3652 40
1194 3589 1291 3652 iuter·

145 3693 253 3773 pretes
278 3689 527 3754 admonuerunt:

233 3797 309 3861 Non
332 3798 455 3859 rastros
478 3798 621 3879 patietur
643 3801 774 3884 humus,
796 3824 863 3866 non
886 3803 984 3868 uinea
1007 3802 1137 3884 falcem3

234 3903 400 3968 Robustus
424 3924 550 3986 quoque
573 3906 638 3970 iam
661 3908 765 3972 tauris
788 3908 866 3992 iuga
889 3909 994 3973 soluet
1017 3913 1143 3974 arator:
1268 3915 1271 3921 '

145 4009 201 4072 ubi
225 4010 303 4073 item
327 4033 346 4074 a
369 3993 483 4075 rastris
507 4015 539 4075 et
561 4012 696 4077 falcibus
719 4012 867 4097 pergitur
889 4014 1015 4079 demum
1040 4015 1080 4079 ed
1105 4018 1223 4080 aratra

236 4313 283 4393 [Ε
297 4284 493 4394 praesume
515 4315 662 4381 neme:
695 4315 744 4380 «Ρ.
767 4315 799 4380 v
823 4340 851 4382 v.
873 4318 914 4382 15
936 4317 980 4402 (p.
999 4318 1065 4382 595
1089 4341 1118 4382 v.
1137 4319 1196 4403 es)
1219 4319 1291 4383 sue

145 4419 208 4484 loci
243 4419 363 4487 indicio
397 4428 650 4489 commemorata
685 4421 851 4491 Ciceronis
888 4425 985 4490 rerba
1015 4425 1168 4491 Halmius
1206 4429 1302 4496 mihi
