2932 5026
554 350 807 397 noarsronrers.
1189 336 1255 400 409

152 502 178 563 ut
193 494 340 561 mittamus
363 492 493 559 Sosium
517 492 662 578 Pappum
687 492 844 557 lladriaui
868 493 950 579 Imp.
969 496 1117 560 amicum.
1149 494 1256 561 Solia

151 603 310 688 reliquorum
341 600 557 666 similitudine
591 600 744 665 recedunt
766 599 910 667 Marius
938 608 972 667 et
999 600 1136 667 Gallus
1160 602 1257 667 Fun·

152 709 253 774 danius
277 706 466 793 logistorici.
516 708 661 784 (luorum
689 707 769 772 illud
797 708 980 792 exemplum
1007 714 1136 774 tantum
1165 710 1258 774 abest

152 814 365 899 ntpropositam
378 836 527 879 normam
542 814 727 900 labefactet,
746 819 782 879 ut
801 816 968 880 confirmet
986 816 1109 899 potius:
1129 816 1257 902 quando

152 921 222 987 bono
239 944 337 988 novus
359 922 400 987 de
422 922 517 1007 plebe
541 920 576 986 (l.
599 920 722 987 Marius
746 922 879 987 carebat
901 923 1102 1007 cognomine.
1144 923 1258 989 (iollas

153 1036 232 1093 aulen
245 1029 427 1115 cognomini
447 1050 504 1093 cur
523 1028 725 1115 gentilicium
740 1027 846 1092 Varro
866 1028 1014 1113 iunxerit,
1036 1053 1102 1095 non
1126 1036 1176 1096 est
1198 1031 1258 1096 dif-

153 1134 211 1200 licile
228 1136 262 1201 ad
283 1136 503 1201 divinandum.
548 1135 613 1200 Tot
641 1135 727 1200 enim
755 1136 901 1220 gentium
927 1135 1147 1202 Romanarum
1169 1138 1257 1202 (lalli

153 1242 246 1308 luerunt
266 1249 299 1309 et
320 1267 359 1309 cx
383 1248 477 1328 parte
500 1242 673 1308 clarissimi
697 1242 764 1307 illis
788 1243 1001 1327 temporibus,
1024 1245 1114 1308 velut
1138 1246 1260 1327 ileliae,

155 1348 274 1435 Aquiliae,
289 1350 432 1434 Asiniae,
445 1350 612 1434 Callinico,
626 1348 806 1434 Corneliae,
821 1349 948 1433 Fadiae,
965 1350 1099 1435 Plotiae,
1115 1350 1259 1435 lloseiac,

155 1452 255 1542 Statim
275 1463 312 1523 ut
334 1456 377 1523 ad
400 1457 546 1542 quemvis
568 1456 685 1521 horum
710 1458 832 1541 potius,
856 1479 953 1542 quam
977 1457 1017 1522 acl
1040 1458 1260 1524 obscuriorem

155 1560 257 1647 aliquem
275 1563 478 1629 Fundanium
503 1565 573 1629 visa
595 1568 682 1629 essct
704 1563 886 1657 logistoriei
910 1564 1080 1648 inscriptio
1104 1570 1260 1650 spectare,

154 1669 197 1733 nisi
207 1692 333 1738 errorem
348 1672 418 1756 ipsc
437 1672 579 1755 scriptor
597 1671 746 1736 cavisset.
782 1671 880 1756 ldquc
899 1694 971 1736 cum
991 1672 1125 1737 lionoris
1145 1694 1260 1738 caussa

155 1772 235 1841 fnisse
254 1800 290 1843 eo
313 1800 384 1843 esse
407 1778 593 1842 credibilius
617 1784 784 1861 putamus,
818 1801 880 1863 quo
907 1779 1109 1863 probabilius
1132 1781 1262 1846 Funde

155 1883 216 1946 niam
237 1884 327 1950 illum
360 1885 506 1950 videmur
538 1907 610 1949 cum
639 1884 833 1949 Selrneidcro
865 1885 904 1949 dc
934 1884 1026 1950 l'arr.
1051 1886 1118 1950 vila
1142 1891 1175 1951 ct
1202 1911 1263 1953 scr.

155 2007 175 2067 p.
190 1988 237 2054 lll
255 2014 300 2077 sq.
333 1991 436 2077 ipsius
469 2008 616 2055 socerum
648 1989 805 2055 Varronis
838 1990 1060 2074 interpretari:
1097 1992 1137 2057 de
1169 1995 1261 2058 cuius

155 2098 305 2178 capenae
331 2097 415 2162 nibil
444 2097 608 2181 proditum
637 2102 688 2162 est
711 2097 896 2162 memoriae.
942 2096 1027 2163 lluio
1051 2098 1167 2183 igitur,
1198 2101 1260 2165 nisi

154 2194 273 2289 salimur,
303 2204 483 2291 gratificari
511 2224 610 2289 gener
637 2204 756 2288 voluit,
787 2204 907 2269 librum
936 2206 964 2269 ci
994 2206 1174 2271 inscribens
1198 2230 1261 2291 quo

155 2304 223 2373 eliam
241 2310 398 2377 indoctior
422 2333 519 2376 senex
542 2316 576 2375 et
595 2311 636 2375 ab
655 2310 871 2376 humanitatis
890 2312 1007 2376 studiis
1026 2314 1166 2378 tortasse
1186 2315 1261 2379 alie·
1278 2336 1336 2378 vm

154 2409 204 2477 nior
218 2416 306 2483 facile
327 2418 557 2502 delectaretur,
586 2418 624 2482 de
653 2418 795 2482 mirabili
818 2422 935 2481 natura
958 2424 1163 2503 stagnorum,
1193 2422 1261 2485 l‘on·

156 2515 223 2605 lium,
249 2525 389 2591 locorum
396 2577 405 2610 ,
438 2526 639 2610 aliarumque
672 2548 780 2589 rerum
813 2525 1022 2589 ccliiiirarulr's:
1060 2526 1091 2591 id
1126 2528 1210 2611 quod
1245 2552 1262 2591 e

154 2620 308 2708 fragmentis
336 2637 423 2697 recte
452 2633 586 2716 collegit
608 2633 797 2697 Kralrnerus
831 2630 869 2694 ‹le
895 2631 987 2696 Varr.
1022 2634 1122 2717 antiq.
1156 2658 1184 2717 p.
1213 2637 1261 2698 15.

155 2723 201 2794 Sibi
225 2741 324 2803 tamen
356 2742 392 2803 ut
422 2743 577 2823 quantuni
609 2744 718 2823 quisset
750 2744 928 2820 constaret,
961 2762 1024 2803 nou
1057 2742 1262 2806 Fiurdnninm

154 2832 256 2915 (lelius,
274 2846 326 2910 sed
343 2846 474 2910 (lollius
488 2846 695 2911 Furulaaiam
709 2847 815 2909 Varro
836 2846 1015 2928 inscripsit:
1036 2871 1129 2931 quern
1152 2872 1261 2913 verum

153 2960 203 3008 0⁸⁸⁰
225 2955 381 3018 nominum
412 2953 555 3018 ordinem
582 2954 630 3016 vel
661 2959 813 3037 corrupta
836 2951 936 3016 Nonii
961 2953 1148 3018 testimonia
1174 2979 1258 3020 miin-

150 3049 237 3119 strant,
277 3059 430 3124 Nostram
459 3068 565 3125 aut-ern
597 3061 791 3124 serrlentiarn
821 3061 874 3145 qui
905 3064 1069 3144 sequetur,
1092 3084 1155 3125 non
1181 3086 1261 3146 opus

149 3146 254 3229 ¹latebit
280 3167 317 3231 de
345 3167 470 3232 duobus
499 3168 696 3251 logistoricis
727 3169 884 3251 suspicari
913 3170 1047 3232 ‹luoruru
1078 3169 1262 3232 nominibus

147 3252 286 3335 Gallorum
309 3273 489 3356 inscriptis:
513 3275 567 3359 qui
592 3278 626 3338 ut
651 3275 817 3338 comnnule
838 3277 922 3338 iuter
941 3300 974 3338 se
993 3276 1261 3355 ‹lisccrncrenlur,

144 3359 224 3436 facile
249 3380 406 3463 quispiam
431 3386 525 3464 putet
549 3383 629 3465 ipsis
661 3383 810 3465 ascriptis
839 3382 1086 3465 cognominibus
1116 3404 1262 3464 prospec-

140 3468 201 3537 lum
222 3503 288 3550 csse.

218 3584 268 3654 l'el
285 3592 347 3657 hoc
367 3595 514 3677 exemplo
535 3595 744 3677 intellegitur,
764 3596 873 3680 aliquo
889 3595 1016 3659 vinculo
1036 3602 1261 3679 argumentum

137 3682 272 3777 cuiusque
302 3700 482 3783 logistorici
513 3723 584 3764 curn
616 3702 762 3785 inscript-i
793 3703 934 3766 hominis
964 3725 1115 3786 persona,
1149 3703 1264 3779 indole,

137 3794 264 3867 ¹¹¹⁰¹lbus
285 3807 422 3871 saetisve
447 3808 619 3871 contineri:
652 3809 735 3872 idern
761 3818 868 3874 uidem
893 3833 951 3894 per
974 3810 1038 3874 alia
1062 3833 1188 3892 (pioque
1213 3834 1262 3874 ex-

138 3900 231 3977 empla
253 3915 398 3999 persequi
426 3915 544 3978 licebit.
582 3914 624 3978 nt
640 3917 744 3980 illari-i
766 3918 893 4001 quidem
920 3917 1049 3980 nominc
1074 3940 1169 3999 quarn
1190 3924 1265 4000 apte

138 3990 171 4110 ‘ii
183 4006 306 4084 fortem
329 4020 413 4085 liber
437 4023 480 4086 sit
504 4022 686 4106 inscriptus,
710 4046 760 4087 res
785 4024 856 4107 ipsa
873 4024 1023 4106 loquitur.
1061 4028 1263 4106 tluarnqiunn

136 4109 254 4221 ”millae
282 4149 411 4192 necesse
441 4134 491 4191 cst
522 4129 561 4192 ad
593 4130 698 4213 ipsum
731 4127 765 4195 lt.
789 4128 926 4192 illariurn
952 4130 1072 4212 septies
1097 4131 1262 4194 consulem

135 4218 262 4314 ⁸f¹¹l³tus
284 4235 335 4317 sit,
360 4234 393 4298 id
417 4236 499 4317 quod
525 4237 646 4318 apertis
671 4236 709 4298 dc.
732 4237 854 4300 caussis
879 4235 959 4299 culeo
981 4235 1134 4299 alrlurrret
1158 4260 1177 4298 a
1196 4239 1261 4301 veri

133 4315 343 4421 &militianm
364 4363 404 4404 ne
419 4341 457 4403 ad
475 4341 576 4404 filiuni
593 4342 720 4425 quidem
736 4342 822 4405 illius
838 4340 932 4404 lllarii
949 4342 1104 4424 scriplum
1123 4343 1263 4406 credide·

131 4427 190 4505 ΠΜ»
215 4446 268 4526 qui
286 4447 348 4512 ianr
369 4472 397 4512 a.
413 4450 476 4513 671
496 4452 635 4512 mortem
651 4449 747 4533 obiit3
770 4450 825 4513 sed
840 4450 1019 4533 quicunque
1039 4449 1100 4514 fuit
1119 4471 1156 4512 cx
1177 4449 1263 4514 illius
