2932 5026
449 335 491 381 zu
516 335 777 383 nasammonas
801 336 976 384 aurocen.
1219 318 1282 384 837

228 477 301 560 lpse
325 477 405 541 facit
428 477 572 542 madidos
596 482 629 543 et
652 478 808 563 grandine
831 481 982 545 uerberat
1005 503 1111 566 agros.

228 584 306 648 lndc
330 607 466 669 sequens
489 584 609 668 Aquilo
633 585 738 650 dictus
762 587 929 671 consurgit
951 587 992 651 ab
1017 589 1096 673 alto,

135 708 171 755 ‘zo
228 689 350 755 Nubila
373 693 573 775 concutiens,
598 691 653 755 sed
676 691 780 756 rarior
803 692 869 764 exit
892 693 925 756 in
948 694 1077 759 imbres.

227 796 378 881 Frigidus
401 797 530 882 ignotas
554 797 685 862 Rhenus
709 801 879 883 exasperat
902 800 1017 884 undas,

227 903 273 968 Et
295 926 397 988 nuper
419 903 576 988 liquidam
599 905 738 988 glaciem
761 905 839 969 facit
862 927 933 971 esse
956 908 1145 994 procellam,

226 1011 422 1094 Perpetuam
446 1014 589 1075 montem
613 1011 678 1075 iam
703 1011 741 1075 de
765 1033 799 1076 se
822 1013 1063 1095 parturientem.

227 1117 367 1182 Additur
391 1117 505 1187 Aeolio
529 1120 597 1181 tam
620 1139 740 1203 magna
762 1117 911 1202 potentia
934 1125 1093 1185 monstro:

133 1243 170 1291 25
226 1225 331 1290 Hoste
355 1225 414 1289 sub
437 1223 499 1289 hoc
522 1214 626 1290 nudas
649 1225 771 1310 refugit
794 1248 852 1290 sua
875 1225 980 1310 gloria
1003 1227 1118 1305 siluas,

227 1330 503 1416 Conqueriturque
526 1332 657 1396 breuem
681 1331 777 1395 tellus
801 1331 957 1397 exhausta
979 1332 1134 1402 decorem.

227 1438 344 1504 Omnia
366 1438 529 1503 uincentes
553 1438 610 1502 isti
633 1440 699 1503 tres
723 1439 935 1504 conlaterales

226 1544 400 1629 Suspirant
422 1545 555 1609 tumidis
579 1544 743 1628 hyemalia
766 1548 914 1629 tempora
936 1547 1054 1611 buccis.

270 1722 465 1789 Secundus
490 1721 714 1787 Oardinalis
739 1722 978 1789 Subsolanus

314 1831 516 1895 Laterales
540 1830 622 1894 eins
648 1828 862 1895 Vulturnus
886 1834 923 1895 et
946 1830 1081 1896 Eurus.

226 1972 271 2036 At
293 1970 494 2036 Subsolanus
517 1971 616 2037 rutilo
640 1971 715 2056 tibi,
738 1971 884 2056 Phoebe,
906 1972 1085 2056 propinqus

134 2096 171 2144 oo
225 2079 363 2162 Peplum
387 2079 530 2144 ceruleae
553 2078 667 2163 tygoni
690 2077 791 2143 siccat
814 2082 951 2144 amatae.

226 2184 311 2249 Huic
334 2185 421 2249 aliud
444 2167 671 2270 nomen'quod
696 2185 812 2249 dicitur
835 2184 1054 2269 Aphelyoten.

224 2290 384 2356 Eructans
409 2291 551 2355 animam
574 2291 673 2375 parili
696 2291 916 2356 moderamine
940 2292 1088 2374 mistam,

225 2396 293 2462 Nec
316 2398 479 2482 stringens
503 2397 648 2480 hebetat,
671 2397 772 2462 nimio
797 2419 856 2460 nec
880 2397 955 2481 igne
979 2401 1124 2481 uaporat.

225 2503 380 2568 Dextram
404 2502 598 2587 Vulturnus,
622 2504 748 2568 laeuam
772 2503 986 2568 circumtonat
1009 2504 1124 2569 Eurus.

131 2631 166 2676 as
224 2610 386 2696 Decoquit
408 2609 496 2676 ans
520 2610 618 2694 prior,
641 2611 693 2675 hic
717 2610 882 2674 humectat
904 2631 1029 2674 arenas.

223 2716 374 2784 Calchias
397 2721 448 2782 est
471 2717 595 2792 calidus
618 2716 748 2802 Pelopis
772 2716 903 2802 regione
926 2721 1069 2783 uocatus.

199 2896 359 2961 Tercius
383 2893 603 2959 Cardinalis
628 2893 770 2959 Auster

244 3002 447 3067 Laterales
472 3002 554 3066 eius
573 3000 675 3066 Euro
694 3001 837 3066 Auster
856 3007 894 3066 et
913 3025 930 3066 e
951 3003 1093 3067 Austro
1114 3002 1279 3067 Africus.
1404 3053 1407 3060 .

223 3144 345 3210 Verum
368 3167 426 3229 per
448 3166 563 3210 zonam
587 3143 748 3210 solaribus
772 3145 902 3230 ignibus
926 3149 1049 3228 ustam,

222 3254 293 3330 Qua
316 3253 431 3317 recolit
453 3252 562 3316 fuscus
586 3252 747 3316 feruentia
769 3252 883 3317 littora
906 3250 1053 3335 Maurus,

221 3359 341 3424 Auster
364 3360 404 3423 ab
429 3358 591 3442 antipodis
614 3357 730 3422 humili
755 3357 895 3422 statione
919 3357 1052 3422 remotis

130 3484 166 3531 40
222 3467 334 3531 Mitior
358 3467 391 3530 in
414 3467 564 3550 patriam,
588 3489 684 3550 quam
707 3466 759 3531 lex
783 3466 881 3548 iubet,
904 3463 1012 3529 euolat
1035 3465 1141 3529 istam.

222 3573 369 3657 Namque
393 3573 482 3636 sinus
506 3571 651 3657 gelidum
675 3572 803 3655 pariens
828 3571 1024 3636 antarcticus
1048 3571 1140 3635 illum

222 3681 323 3743 Aestu
348 3679 467 3742 mutari
491 3678 747 3763 dedignaturque
769 3677 877 3760 relidi,

222 3785 307 3849 Dum
330 3790 484 3870 peragrat
507 3785 647 3849 mediam
671 3790 839 3869 terraeque
863 3785 994 3868 polique
1018 3786 1168 3869 plateam.

220 3892 315 3957 Hunc
338 3914 467 3976 quoque
489 3890 670 3955 Daedaleae
693 3890 804 3955 Noton
828 3911 1012 3974 expressere
1035 3890 1189 3955 Mioenae.

130 4015 165 4063 45
222 3998 379 4082 Quicquid
403 4019 460 4062 nor
483 3998 597 4081 genuit
619 3998 757 4080 decoris,
780 3997 843 4060 sibi
867 3997 1028 4061 marcidus
1052 3995 1175 4080 haurit,

220 4104 413 4168 Interimens
437 4105 533 4169 flores
557 4108 590 4169 et
612 4104 810 4169 obumbrans
834 4103 918 4168 ruris
941 4103 1090 4167 honores.

221 4210 344 4274 Dextro
368 4211 423 4294 qui
446 4210 569 4275 famulo
593 4209 725 4274 desedat
746 4231 864 4273 nomen
888 4213 921 4274 et
942 4210 1030 4275 Euro

219 4316 266 4379 At
288 4316 373 4380 latus
397 4317 590 4381 sensiferum
613 4315 761 4400 quatiens
785 4315 906 4380 Austro
930 4315 1070 4381 Affricus
1095 4316 1191 4383 udum

221 4422 348 4488 Gaudet
371 4423 547 4508 conpositis
570 4422 700 4510 gemino
724 4422 916 4508 cognomine
939 4423 1064 4508 pennis.
