2932 5026
623 1300 719 1385 Xll.

155 1464 215 1555 lte
241 1470 289 1556 ll.
314 1472 494 1559 'lorentii
522 1472 712 1557 Varronis
739 1470 982 1577 logistorioio
1008 1470 1131 1556 libris
1140 1476 1186 1579 ⁴¹).

188 1885 279 1953 Inter
304 1887 472 1973 praeclara
498 1886 622 1973 ingenii
650 1890 684 1950 et
710 1885 903 1951 eruditionis
927 1883 1151 1953 varronianae
1173 1910 1242 1954 mo·
1255 1904 1294 1945 111

116 1997 263 2077 amana,
281 2016 363 2081 quae
377 1998 561 2081 temporum
575 1993 697 2059 iniuria
714 1993 810 2059 nobie
828 1992 955 2077 inridit,
968 2014 1003 2057 re
1022 1992 1159 2079 quadarn
1179 1995 1244 2059 ain·

116 2094 208 2165 ulari
222 2090 364 2168 ¹duorum
387 2122 509 2187 genera
530 2101 688 2167 librorum
710 2100 866 2166 eminent:
899 2122 1010 2165 eornm
1038 2100 1155 2186 quibua
1178 2122 1244 2165 non

116 2195 270 2293 implicia,
291 2208 349 2273 aed
372 2208 503 2297 gemina
524 2208 660 2274 nomina
680 2230 740 2293 pro
763 2206 926 2275 indicibus
950 2207 1055 2275 indita
1078 2212 1155 2273 eunt
1175 2207 1243 2273 h.e.

116 2313 309 2381 etiterum
342 2319 377 2381 et
406 2315 729 2403 logistorieorum
763 2316 930 2383 librorum.
985 2314 1125 2381 Rursum
1157 2314 1244 2380 inter

116 2414 254 2506 trosque
289 2421 413 2489 indicae
449 2444 569 2509 magna
602 2423 731 2489 consilii
763 2423 949 2489 comtantia
979 2422 1042 2488 hoc
1075 2420 1245 2488 intercedit

116 2514 301 2611 incrimine,
323 2526 409 2613 qnod
431 2528 582 2595 binorum
605 2529 726 2595 satirae
744 2529 898 2614 cuiusque
917 2530 1085 2594 nominum
1105 2530 1242 2593 alterum

116 2644 178 2695 Bae
196 2654 343 2717 graecum
367 2637 461 2719 solet,
483 2636 621 2701 latinum
647 2637 796 2720 alterum,
820 2634 940 2721 singuli
965 2638 1075 2701 antem
1099 2634 1174 2698 libri
1199 2634 1244 2699 lc

116 2729 243 2803 :istorici
266 2740 352 2806 binio
376 2742 560 2807 nominibus
584 2743 696 2807 latinis
716 2742 870 2826 appellati
891 2746 974 2807 aunt
1011 2742 1057 2806 Et
1074 2741 1114 2806 de
1133 2741 1242 2805 satiris

116 2843 229 2919 luidem
251 2869 335 2912 nuno
360 2848 525 2933 disputare
548 2848 630 2913 nihil
655 2849 782 2932 attinet,
806 2871 864 2911 neo
888 2870 1007 2931 poarreas
1033 2848 1113 2912 liaeo
1136 2848 1242 2932 ‹lispu-

116 2950 187 3017 atio
205 2955 254 3019 vel
278 2956 444 3020 cautiones
468 2955 518 3020 rel
543 2955 762 3020 dubitationes
786 2955 899 3020 habet:
923 2959 1050 3019 tantum
1071 2955 1164 3019 facile
1188 2978 1242 3039 ap·

116 3063 207 3143 naret,
236 3062 342 3126 nullos
376 3062 505 3126 illarum
539 3062 661 3126 indices
695 3062 735 3126 ad
768 3062 857 3127 vivos
890 3061 1038 3127 homines
1071 3064 1242 3147 pertinere.

116 3152 194 3229 ¹duod
218 3172 331 3232 contra
359 3168 621 3251 logistorioornm
650 3190 748 3232 unum
776 3191 894 3234 nomen
922 3168 1054 3234 ductum
1083 3174 1134 3235 eat
1157 3192 1176 3234 a
1200 3192 1242 3252 re,

116 3259 238 3338 *lterum
261 3297 281 3339 a
299 3298 450 3360 persona,
474 3278 506 3339 et
530 3275 597 3339 eine
617 3275 744 3360 quidem
764 3298 913 3359 persona,
936 3277 986 3339 eui
1007 3276 1089 3340 liber
1107 3277 1243 3361 qoniaque

116 3363 265 3446 ledetur
289 3386 352 3446 est:
376 3382 410 3445 in
435 3403 499 3466 quo
522 3403 639 3466 genere
663 3382 847 3466 tenendum,
869 3403 934 3444 non
959 3382 1161 3467 gentilicium
1186 3404 1242 3446 no·

116 3492 185 3565 fleu,
206 3490 259 3554 sed
283 3490 513 3573 propemodum
538 3493 724 3554 constanter
748 3508 927 3573 cognomen
951 3489 1046 3573 idque
1070 3488 1172 3553 solnm
1198 3489 1243 3552 in·

116 3586 209 3659 u211'bi.
248 3595 420 3661 Dedieavit
443 3599 552 3660 autem
576 3596 717 3679 scriptor
740 3594 800 3659 tali
823 3594 961 3677 homini,
984 3617 1056 3659 cnm
1081 3596 1171 3659 cuins
1196 3594 1242 3659 in·

116 3676 179 3757 ¹⁰10
203 3701 360 3787 factisque
388 3702 498 3786 aliquo
527 3701 694 3767 societatis
723 3700 852 3765 vinculo
882 3703 934 3765 roi
964 3705 1123 3766 tractatae
1147 3722 1242 3784 argu·

116 3806 245 3873 uentum
268 3810 494 3875 contineretur.
528 3809 698 3874 Praeterea
718 3812 969 3873 eorreentanenm
990 3813 1040 3872 eet
1059 3809 1167 3893 aliquo
1192 3809 1242 3873 vel

116 3906 260 3980 *miciliae
279 3917 329 3981 vel
347 3916 585 3981 familiaritatis
605 3917 654 3980 vel
676 3916 873 3980 reverentiae
892 3915 1021 3980 vinculo
1041 3915 1145 3999 ipsum
1161 3914 1241 3979 Var-

116 4016 217 4116 finem
239 4027 272 4087 et
298 4024 373 4088 illos
402 4024 592 4088 coniunctos
621 4023 735 4108 fuisse,
758 4023 875 4108 quibua
898 4022 1077 4088 honorifica
1101 4023 1241 4087 nominis

121 4123 309 4208 llliierlptione
341 4130 580 4215 gratificaretur
618 4130 667 4194 vel
702 4131 844 4195 studium
878 4129 1107 4193 testificaretur
1140 4151 1242 4193 auum.

130 4249 235 4277 N—-
247 4274 281 4281 --
301 4276 308 4281 .

201 4350 221 4417 ‘l
250 4355 440 4427 [Prooemium
474 4358 575 4415 lndicie
608 4359 763 4415 scholarum
796 4358 976 4413 hibernarum
1004 4358 1188 4414 &anemium
1216 4372 1241 4409 a.

136 4422 389 4504 clolieeonnnnv
409 4451 439 4503 aa
457 4447 620 4519 xxxiivi]
