2932 5026
568 354 652 402 vrrs
674 356 837 403 cassum.
1204 336 1272 423 ι207

207 493 267 559 iles
283 496 390 581 perid
412 501 541 582 tempus
564 497 619 584 qui
644 498 816 583 agitabant
838 496 964 561 nobiles
988 495 1162 560 facillume.

204 598 300 667 Eorum
320 603 375 668 ille
399 625 498 690 opera
520 625 561 670 ne
583 604 715 670 domum
738 602 866 689 quidem
890 602 1007 668 habuit
1029 601 1275 685 conducticiam,

203 703 299 774 Saltem
320 714 357 775 ut
379 714 475 795 essct,
497 732 562 796 quo
584 710 721 776 referret
743 711 869 776 obitum
892 709 1017 774 domini
1042 710 1198 773 seruolus.

167 866 273 952 Scripsit
300 870 483 936 comoedias
515 893 580 937 sex.
626 894 665 936 ex
697 871 815 957 quibus
847 871 985 956 primam
1014 870 1173 935 Andriam
1201 891 1274 934 cum

145 974 288 1041 tardilibus
319 975 424 1056 dmet,
456 977 563 1043 iussus
596 982 672 1043 ante
701 975 843 1043 Caecilio
873 978 1010 1044 recitare
1038 977 1079 1042 ad
1106 980 1274 1041 cenantem

163 1084 377 1169 conuenisset,
399 1085 518 1150 dicitur
540 1085 669 1149 initium
693 1083 821 1168 quidem
843 1083 984 1167 fabulae,
1007 1084 1092 1169 quod
1113 1088 1183 1149 erat
1200 1105 1275 1149 cun·
1289 1099 1316 1138 ⁸⁹

162 1190 301 1274 tenpticre
331 1191 468 1277 uestitu,
498 1191 654 1257 subsellio
683 1193 775 1256 iuxta
802 1191 956 1256 lectulum
980 1188 1123 1257 residens
1147 1190 1276 1277 legisse,

159 1300 216 1379 post
239 1319 356 1383 paucos
389 1319 468 1363 uero
500 1320 613 1363 uersus
646 1298 805 1364 inuitatus
838 1302 875 1363 ut
907 1297 1110 1363 accumberet
1143 1320 1275 1364 cenasse

158 1422 216 1485 una,
238 1402 306 1469 dein
338 1409 447 1470 cetera
473 1405 711 1488 percucurrisse
738 1427 805 1470 non
831 1406 900 1470 sine
924 1426 1042 1490 magna
1065 1403 1197 1470 Caecilii
1221 1406 1274 1470 ad·

133 1509 310 1575 immoene.
363 1514 397 1575 et
428 1511 512 1577 hanc
544 1515 653 1577 autom
685 1516 718 1576 et
749 1512 890 1596 quinque
924 1510 1065 1596 reliquas
1098 1511 1276 1596 aequaliter

157 1615 253 1699 populo
270 1617 438 1701 probauit:
455 1619 604 1703 quamuis
618 1617 790 1686 Volcatius
807 1618 840 1684 in
860 1617 1117 1685 dinumeratione
1131 1619 1275 1685 omnium

157 1721 193 1786 ita
210 1724 335 1790 scribat:

209 2005 301 2061 Furius
318 2007 387 2080 tres]
410 2006 576 2065 siministros
600 2013 650 2079 (on
672 2011 866 2077 sinnnistros'l)
884 2012 926 2079 A,
956 2010 1003 2065 scd
1025 2008 1113 2065 furius
1132 2014 1189 2066 tres
1206 2027 1273 2081 mro.

156 2096 389 2167 arecPittoeitt)
454 2100 513 2155 lid
528 2100 651 2168 Woltlus.
671 2099 745 2154 idem
760 2100 834 2164 iibri,
852 2100 915 2154 itere
928 2099 1007 2165 infra
1071 2098 1120 2168 qui
1133 2116 1184 2154 om.
1194 2100 1276 2155 1301)

209 2186 325 2256 egebant
344 2187 396 2243 OD
467 2189 604 2280 facillime
626 2190 661 2244 A.
699 2188 862 2254 iacillleme‚
886 2188 968 2242 tertio
992 2187 1001 2241 l
1024 2188 1117 2243 littera
1140 2189 1227 2244 deleto
1250 2195 1275 2243 ct

155 2274 227 2339 prim
246 2292 261 2331 e
282 2278 315 2331 in
333 2294 352 2331 n
369 2282 484 2345 metm,
503 2278 539 2332 Β.
576 2277 712 2333 facillime
730 2279 811 2333 ceteri
900 2276 984 2332 eills
1002 2294 1063 2346 sup.
1082 2293 1133 2332 scr.
1153 2278 1204 2334 Gb.
1223 2294 1274 2335 our.

158 2358 191 2415 Ga
249 2382 334 2436 opera
351 2366 442 2424 ΑΕΖ.
461 2383 575 2437 operam
594 2368 675 2421 ceteri
745 2366 859 2437 habuit]
878 2366 901 2419 si
919 2366 1001 2421 abuit
1014 2366 1048 2419 A.
1068 2365 1117 2421 ille
1136 2366 1275 2422 bannito

200 2454 370 2510 conducciciai
388 2456 424 2511 A.
449 2454 649 2511 conductitiam
669 2456 748 2509 ceteri
838 2454 1020 2509 srefereto
1109 2456 1221 2511 remulo
1240 2457 1275 2512 A.

158 2536 262 2597 duculos
281 2544 311 2599 0.
348 2542 475 2599 seruulus
497 2545 578 2598 ceteri
692 2543 867 2598 leomodias
890 2542 1054 2597 ABODGZ
1161 2545 1274 2600 sedili-

157 2624 193 2681 bus
211 2631 314 2686 BCDZ
413 2633 534 2688 Caecilio
562 2650 595 2687 ex
623 2633 792 2703 Hieronymo
816 2637 878 2700 pue
907 2632 1044 2685 Crinitum
1072 2633 1104 2687 de
1129 2640 1198 2702 port.
1228 2635 1274 2689 lot.

157 2713 173 2765 Ι
184 2726 232 2773 ce
255 2721 347 2777 Liliue
366 2723 506 2793 Gyruldm
530 2723 562 2776 de
578 2727 647 2790 poet.
667 2722 729 2774 laist.
748 2722 857 2790 ‹liulopo
878 2720 965 2773 VIII
978 2738 1007 2789 p.
1028 2725 1084 2774 «590
1103 2723 1141 2776 ed.
1164 2724 1229 2776 Bos.
1250 2742 1275 2778 o.

156 2809 215 2875 1545,
233 2811 371 2878 Muretus,
390 2813 519 2881 Scnlipcr.
540 2812 631 2865 cacrio
645 2813 680 2866 A.
700 2811 778 2865 cirio
794 2811 828 2863 Β.
849 2809 936 2864 comio
952 2811 1010 2863 (Ἰ).
1035 2827 1132 2865 cenam
1148 2815 1181 2866 (ι’.
1202 2813 1274 2867 eurio

154 2894 202 2953 EF.
226 2901 314 2955 Acilio
335 2902 453 2971 Piptius
472 2902 576 2955 Ausul.
597 2901 646 2966 ΙΙ,
661 2918 691 2969 p.
712 2905 776 2961 359,
801 2900 912 2953 Vossius
931 2901 963 2953 de
978 2906 1048 2968 poet.
1069 2901 1114 2956 lut.
1132 2920 1161 2970 p.
1184 2908 1217 2955 m
1235 2903 1275 2956 ed.

151 2986 219 3043 Anci.
241 3008 266 3046 o.
291 2994 365 3044 1654
437 2991 579 3045 recitare.
601 2989 834 3058 ...contempti
863 3005 913 3042 our.
933 2990 973 3054 A,
1000 2990 1072 3042 nillil
1096 2996 1206 3058 pructcr
1230 3008 1276 3042 cri·

148 3089 241 3132 urtone
322 3079 434 3133 ricitare
453 3079 488 3132 B.
514 3080 646 3134 recitasse
666 3079 691 3129 (ι’
772 3080 802 3131 at
821 3079 845 3129 (ι’
928 3078 1275 3132 cenomannensem

147 3162 195 3217 EF
296 3169 435 3222 edicitur
456 3170 504 3224 Tu.
527 3170 718 3222 Morurocenue.
747 3168 852 3221 dictum
872 3171 915 3222 cst
934 3168 996 3222 Fo.
1026 3168 1116 3221 (lictus
1136 3172 1179 3222 est
1197 3170 1276 3220 crte-ri

203 3256 313 3311 initium
332 3258 375 3324 E,
399 3258 454 3313 Ver.
474 3257 555 3311 initio
575 3259 654 3311 ceteri
725 3257 839 3325 quidam
859 3258 885 3310 Β
958 3257 1051 3310 iabule
1072 3256 1156 3311 CDZ.
1181 3256 1276 3310 tabula

143 3343 187 3397 BC
252 3346 328 3415 quod
347 3363 397 3400 om.
416 3346 497 3400 BCD
570 3346 742 3401 contentiore
762 3346 841 3400 ΒΟΙ)
914 3348 998 3399 ἵειὼ
1018 3345 1097 3398 sellio
1119 3345 1147 3396 Β
1222 3346 1276 3397 loc-

1182 3447 1197 3473 u

141 3490 192 3542 tum
210 3488 241 3542 F
315 3490 424 3545 rediens
443 3490 471 3542 Β
544 3495 645 3544 Sucro
664 3507 768 3559 paucos
788 3489 813 3539 (ι’
891 3506 985 3542 nemus
1004 3524 1128 3544 .....
1148 3487 1278 3550 incitauit

141 3579 241 3633 Acum
264 3581 384 3649 quinque
407 3581 515 3634 circiter
539 3580 692 3633 litterarum
715 3580 832 3633 lucrino.-
855 3583 885 3631 ot
904 3577 940 3632 ab
960 3563 1009 3632 illo
1027 3577 1195 3630 intercidisse
1215 3593 1275 3629 coir·

139 3668 201 3722 icida
273 3684 404 3720 cenassae
424 3667 460 3722 E.
481 3684 611 3721 coenasse
630 3667 660 3719 F
730 3667 830 3720 9deiu
850 3667 884 3722 A,
905 3666 1005 3720 deinde
1024 3668 1103 3719 ceteri
1166 3670 1278 3719 caetero

139 3756 244 3810 cun‘F
314 3756 515 3824 percucurrisse
535 3757 570 3810 A.
595 3756 762 3825 percurrisse·
782 3757 861 3809 ccli-ri
933 3755 1048 3810 Caecilii
1067 3758 1129 3808 item
1147 3760 1177 3808 ut
1197 3760 1276 3807 uritur

136 3862 162 3913 11·
178 3852 227 3913 28,
244 3853 270 3902 9.
291 3845 376 3899 efferii
396 3848 429 3900 Α.
450 3846 530 3900 cerrli
549 3847 584 3898 Β.
605 3846 670 3899 cerii
693 3845 783 3898 ΕΝ.
803 3846 876 3899 edrei
898 3846 956 3900 CI).
977 3863 1071 3900 eorum
1092 3846 1116 3896 (τ’
1198 3850 1231 3896 10
1250 3847 1278 3895 ct

140 3933 217 4006 lianc]
237 3952 270 3990 ex
289 3937 341 3990 hac
361 3938 386 3988 G
459 3938 564 4006 antem]
586 3936 691 3990 utinam
712 3936 764 3988 (ΙΙ)
836 3940 865 3988 ct
883 3953 933 3990 om.
954 3935 1006 3986 lio
1079 3936 1156 4002 qu'qq
1180 3934 1206 3986 Β

140 4023 204 4083 sliu
221 4025 343 4094 reliquas
364 4026 392 4078 Β
463 4027 601 4095 equaliter
616 4025 778 4079 ,lucrios
851 4031 880 4077 ll
902 4025 1022 4093 probant
1037 4024 1065 4075 Β
1134 4022 1278 4075 Vulcatius

142 4113 170 4167 Ζ,
186 4115 324 4169 uolcatius
343 4114 409 4168 EF.
429 4116 567 4170 uulcatius
587 4117 674 4176 ceteri,
695 4116 748 4167 >risi
767 4115 839 4182 priori
858 4111 978 4165 ualerios
999 4113 1023 4162 (l
1106 4112 1134 4164 in
1153 4112 1277 4164 dinunw-

141 4204 240 4258 ratione
259 4205 422 4273 Sciroperias.
447 4204 674 4258 denumeraticru·
694 4206 729 4258 A.
749 4203 782 4255 dr·
803 4202 942 4255 numu-one
963 4202 996 4256 Β.
1017 4201 1050 4255 de
1070 4202 1278 4255 enumerationi¹

142 4295 219 4347 oceri.
239 4293 273 4347 de
292 4271 515 4346 remuneratione
533 4294 716 4346 illorumeeuus
789 4290 912 4344 oninium
929 4289 992 4349 AF,
1011 4290 1051 4345 St.
1067 4308 1116 4343 om.
1132 4290 1277 4343 ΒΙἮΒΖ.

142 4395 247 4449 operum
268 4383 386 4436 Botdiue
477 4388 508 4435 1‘2
527 4382 568 4435 ita
592 4381 688 4435 scribit
706 4398 755 4434 our.
778 4380 835 4445 Fu,
855 4380 918 4432 odd.
940 4381 967 4431 iu
988 4396 1072 4447 muru.
1094 4378 1147 4431 lt.
1176 4378 1280 4432 scribut

142 4471 174 4538 A,
191 4471 230 4525 St.
248 4471 347 4526 scribit
365 4471 446 4526 ceteri
