2932 5026
178 327 243 390 262
569 340 606 386 m
630 340 742 387 vireu
766 339 933 386 nuunuru

178 489 276 550 retur.
314 484 362 549 De
379 504 481 549 menn
499 483 604 547 forma
621 504 686 546 non
705 482 814 565 inepte
837 481 1044 568 cogitaretur,
1067 482 1097 546 si
1120 504 1194 547 cum
1208 482 1320 549 Plauto

179 592 273 658 nobis
304 613 356 656 res
389 592 474 654 esset
506 588 556 652 vel
593 609 666 652 cum
699 587 906 675 antiquitatis
940 589 1158 655 sectatoribus
1190 589 1321 676 Lucilio,

178 699 340 764 Varrone:
357 696 536 762 tersissimo
555 699 745 781 togatarum
763 698 880 779 poetae
899 694 991 759 illam
1010 695 1152 761 tribuere
1167 697 1222 761 vix
1240 699 1321 782 quic

180 829 277 891 quam
301 804 396 870 ausit.
442 801 504 868 Sed
531 823 594 867 non
616 802 737 867 litteris
761 823 835 867 eum
857 801 952 867 facile
975 801 1163 867 hauriretur
1185 824 1242 870 con
1263 806 1321 891 syl·

180 913 269 996 laba,
300 911 383 975 nihil
411 931 482 975 esse
511 907 692 994 simplicius
715 908 820 972 visum
849 911 900 972 est
922 929 1021 992 quam
1043 905 1172 974 Afranii
1196 933 1323 977 manum

182 1019 229 1082 sie
251 1017 392 1082 restitui:
427 1015 551 1081 Terenti
580 1035 645 1080 non
676 1013 879 1080 consimilem
909 1014 1004 1079 dicas
1034 1016 1220 1097 qnmrmicm.
1260 1016 1323 1083 Nec

182 1124 267 1188 enim
289 1124 435 1208 profecto
460 1123 525 1187 alia
542 1122 749 1188 construendi
767 1122 894 1188 ratione
912 1121 1082 1187 consimilis
1096 1126 1199 1206 atque
1216 1125 1323 1190 nmilia

182 1236 215 1295 et
246 1229 408 1295 dissimilis
439 1231 605 1314 reguntur.
660 1227 773 1313 ltaque
805 1227 839 1292 in
870 1227 1014 1312 Vopisco
1051 1227 1137 1292 idem
1170 1228 1323 1296 Afranius

182 1335 268 1421 apud
292 1333 477 1400 Charisium
500 1358 530 1419 p.
556 1332 619 1398 193
644 1356 671 1400 v.
690 1334 755 1399 398
778 1332 887 1400 Ribb.:
915 1334 1035 1418 Vtique
1056 1336 1215 1418 rcpeniino
1235 1335 1323 1403 nnius

182 1443 338 1509 consimile
359 1441 479 1508 decidii.
520 1441 604 1506 Item
626 1440 763 1506 Plautus
787 1439 879 1526 Oapt
897 1442 958 1506 116
982 1441 1076 1507 Liber
1098 1444 1237 1525 captiuos
1259 1443 1323 1510 cinis

182 1555 226 1615 cst
242 1550 411 1615 consimilis
427 1550 520 1631 ferne.
555 1548 601 1613 Et
615 1571 643 1613 v.
658 1548 698 1612 14
720 1549 803 1614 Acis
824 1549 877 1613 nic
892 1548 977 1629 ferae
999 1549 1190 1614 consimilem
1210 1550 1323 1632 saccom

181 1662 217 1721 nt
234 1657 406 1738 praedicem.
438 1654 507 1720 Nec
521 1654 690 1719 Terentius
714 1654 809 1719 aliter
827 1653 978 1720 Heauton
1001 1654 1109 1721 timor.
1123 1655 1189 1721 393
1215 1656 1323 1738 Qscoim

183 1784 248 1828 mos
274 1762 448 1828 moxnmc'si
473 1761 641 1827 consimilis
669 1761 816 1826 ico'strmn.
852 1757 986 1827 'Ibidem
1014 1783 1043 1826 v.
1066 1761 1133 1827 382
1160 1784 1234 1828 cum
1262 1764 1324 1829 rul-

184 1873 316 1954 garetur
338 1870 392 1935 isti
412 1869 533 1950 formae
554 1872 590 1931 nl
611 1887 710 1933 encres
732 1867 905 1934 emisimilcs
925 1867 1043 1948 forent,
1067 1888 1177 1933 errore
1200 1872 1323 1935 tantum

185 1976 309 2042 iteratis
332 1977 387 2041 isti
409 1974 544 2059 syllabis
569 1996 697 2039 versum
720 1972 947 2039 Fleckeisenus
971 1975 1017 2039 sic
1040 1973 1206 2040 liberavit:
1234 1953 1323 2042 idn

184 2104 276 2167 qnom
302 2083 461 2166 cincinnati,
486 2082 608 2164 formae
633 2085 669 2145 ni
695 2101 734 2145 m.
757 2080 826 2161 cf.
873 2077 1069 2146 Construere
1096 2082 1249 2148 nesciunt
1277 2087 1324 2169 qu

186 2190 332 2256 dativum
354 2188 471 2254 Plauto
499 2188 648 2252 tribuunt
675 2185 886 2271 Poen.1v,2
913 2188 998 2253 init:
1026 2187 1113 2255 sciis
1135 2194 1323 2272 specicinnm

185 2297 254 2363 decis
276 2301 366 2379 nlqm
387 2294 524 2360 leminea
552 2295 618 2358 eins
640 2294 787 2377 neclcpcrc
806 2293 958 2379 pralium,
990 2295 1072 2378 Qnei
1092 2295 1244 2363 hominist
1264 2299 1323 2364 emi

185 2404 355 2470 omnimilie
376 2402 466 2467 nelnl
487 2421 539 2484 epo
560 2399 653 2465 habco
675 2399 870 2467 bonennias
892 2400 991 2466 modi:
1024 2403 1080 2467 ubi
1103 2406 1236 2488 praeter
1256 2404 1323 2470 lexi-

186 2511 368 2596 cographcs
396 2512 527 2575 nostros
555 2529 650 2572 nemo
678 2529 744 2571 non
766 2506 855 2572 videt
882 2508 922 2573 ad
945 2514 988 2574 est
1009 2510 1171 2592 pertinere
1195 2509 1323 2594 dativos

188 2641 259 2684 cum
287 2617 371 2682 inlnt
398 2615 515 2681 sociari
543 2613 720 2679 consimilis,
765 2612 893 2679 Primus
921 2615 1006 2699 quod
1034 2616 1178 2681 sciamus
1206 2616 1323 2702 Accius

188 2725 244 2790 sed
267 2724 301 2786 in
324 2722 420 2787 rebus
444 2721 678 2806 comparandis,
700 2741 766 2785 non
790 2721 824 2784 in
847 2721 1007 2806 personis,
1030 2723 1179 2787 dativum
1203 2722 1323 2788 admisit

187 2831 319 2896 Medeae
341 2852 371 2895 v.
390 2829 470 2894 405:
493 2828 622 2894 Siluani
642 2829 719 2894 melo
735 2827 746 2912 ΙΙ
764 2827 961 2894 Consimilem
983 2830 1027 2893 cd
1047 2831 1136 2896 annis
1158 2829 1323 2896 cdnmma

188 2937 329 3001 nardinim
361 2937 460 3016 referi.
512 2935 605 3020 Apud
633 2934 819 3000 Lucretium
852 2935 995 3020 quidem,
1027 2938 1082 3021 qui
1110 2959 1169 3003 eur
1197 2938 1231 3003 in
1260 2959 1323 3004 con·

135 3067 175 3107 sm
190 3043 341 3108 struendo
364 3043 478 3107 similis
500 3042 659 3107 vocabulo
682 3042 829 3107 dativum
846 3042 1029 3128 frequentet
1048 3043 1267 3128 significatum
1280 3050 1323 3109 'eal

188 3151 271 3215 Mus.
285 3149 347 3214 Rh.
370 3150 391 3213 l.
407 3173 431 3213 s.
446 3172 470 3213 s.
493 3173 523 3234 p.
541 3149 636 3233 159*,
658 3150 826 3215 consimilis
849 3154 959 3215 tamen
982 3151 1126 3216 servavit
1147 3151 1323 3236 genetivum

189 3258 223 3322 in
245 3278 352 3323 arcum
374 3248 561 3322 consimilem
585 3257 673 3321 lactis
696 3275 727 3340 v,
751 3257 825 3340 813,
849 3257 957 3321 lainam
973 3258 1059 3340 pilai
1080 3256 1271 3324 mmimdem
1292 3256 1323 3320 ib

190 3366 264 3431 714.
279 3402 321 3410 —
336 3364 444 3450 Atque
467 3364 514 3429 sic
537 3364 615 3430 olim
638 3363 852 3429 ratiocinatus
876 3366 985 3428 tamen
1008 3386 1119 3429 omnes
1143 3363 1225 3429 mihi
1249 3385 1323 3428 acru·

190 3472 283 3558 pulos
296 3481 346 3535 'ne
369 3474 439 3535 tum
464 3469 594 3554 quidem
617 3474 785 3554 exemptos
809 3469 902 3534 sensi.
938 3466 1025 3534 Nam
1042 3473 1184 3556 primum
1203 3469 1323 3554 quiden

190 3580 275 3644 baud
299 3578 366 3642 scio
390 3599 431 3641 an
456 3577 496 3640 ad
520 3577 585 3640 vim
605 3576 782 3641 sententiae
802 3575 969 3659 aliquanto
988 3577 1151 3643 efficacior
1168 3577 1242 3662 ipsa
1260 3578 1319 3642 aim

191 3683 320 3769 plicitas
342 3684 455 3772 sinnlis
477 3683 622 3748 notionis
646 3705 743 3767 quam
766 3670 982 3767 compositum
1004 3685 1174 3751 consimilis
1197 3684 1323 3751 vocabu

192 3790 257 3854 lum
287 3789 398 3873 fuerit,
431 3787 516 3873 quod
545 3788 687 3853 dubitari
714 3792 824 3873 potest
851 3792 959 3854 utrum
987 3789 1047 3856 illo
1075 3791 1194 3856 fortius
1223 3792 1267 3856 sit
1293 3813 1323 3856 ar

192 3896 313 3962 exilius.
359 3895 437 3960 Plus
465 3895 563 3960 etiam
592 3895 779 3985 offensionis
805 3896 981 3978 qnempiam
1007 3918 1187 3981 pronomen
1210 3897 1323 3982 peperi¹

193 4026 264 4068 cum
288 4004 462 4089 negatione
486 4003 658 4067 sociatum:
695 4025 792 4087 quam
817 4002 1006 4068 societatem
1030 4004 1090 4068 etsi
1112 4026 1209 4070 nemo
1233 4003 1323 4069 uesci·

194 4131 285 4175 suam
309 4131 366 4174 suo
390 4110 462 4175 loco
487 4109 613 4174 veniam
637 4109 769 4193 habere,
797 4111 907 4174 tamen
934 4109 968 4174 in
994 4109 1055 4175 hac
1078 4111 1151 4196 ipsa
1175 4110 1323 4175 sententis

192 4216 381 4302 intellegere
404 4215 493 4279 visus
512 4238 584 4280 sum
602 4217 708 4281 locum
727 4216 779 4280 vix
799 4216 882 4280 tueri
901 4239 1006 4300 posse,
1030 4217 1085 4282 sed
1104 4218 1217 4282 cedere
1234 4237 1323 4301 qnam

192 4343 287 4407 qnam
310 4322 433 4387 formae
456 4322 613 4387 debuisse.
646 4320 713 4386 Nec
731 4322 858 4406 placere
877 4343 940 4387 non
957 4323 1136 4407 particulae
1155 4323 1323 4390 conlocati«

67 4478 70 4483 -
193 4432 333 4519 poterat,
356 4450 438 4516 quae
460 4428 545 4494 hano
567 4429 675 4515 potius
699 4428 763 4494 sibi
785 4428 965 4512 posituram
988 4429 1191 4515 postulabat:
1216 4430 1323 4496 Termi
