2932 5026
147 317 211 383 254
539 336 576 381 m
601 335 711 382 vrren
736 334 903 382 rnannrn

147 481 248 541 tatem
273 475 488 560 exprimeret?
536 459 723 560 Simplicem
747 477 842 561 enim,
865 497 947 562 quae
970 476 1126 561 vulgatur
1149 476 1217 541 eine
1240 498 1288 540 ne·

147 585 295 669 gatione,
319 584 449 666 perinde
476 583 670 666 particulam
699 583 760 648 etsi
788 583 873 648 ratio
902 583 1032 667 quidem
1053 605 1120 649 non
1145 583 1294 667 prohibet

147 692 319 775 quominus
349 692 394 756 sic
422 691 636 774 interpretere
660 690 713 756 ‘ut
740 713 794 755 eoe
823 712 956 775 prorsus
987 689 1028 754 ad
1051 689 1225 754 veritatem
1248 711 1295 754 ex·

147 795 328 881 primeret',
352 802 461 862 tamen
486 796 575 860 aliud
599 797 712 862 suadet
735 819 812 862 usus
837 794 1063 862 Suetonianue.
1093 794 1296 882 Vbicumque

149 903 251 983 enim,
283 904 334 968 cui
366 904 442 988 quid
472 906 691 988 comparetur,
723 925 790 968 non
822 902 1030 986 subsequenti
1060 924 1098 969 cc
1128 905 1178 970 vel
1209 910 1298 989 aque

147 1007 261 1095 (semel
284 1031 379 1092 queam
401 1011 495 1076 Dom.
522 1008 576 1096 15)
599 1010 760 1096 particula
782 1011 878 1094 plene
901 1010 1050 1094 edicitur,
1077 1010 1132 1076 hic
1155 1013 1297 1097 scriptor

142 1118 274 1200 perinde
295 1118 454 1185 vocabulo
477 1120 525 1183 ita
547 1123 676 1183 tantum
699 1119 806 1183 locum
830 1117 918 1181 dedit
941 1121 991 1200 ut,
1014 1139 1077 1202 quo
1099 1117 1185 1183 illud
1209 1140 1296 1204 spec·

151 1229 245 1309 teret,
268 1246 307 1289 ex
330 1225 412 1310 ipsis
435 1227 636 1312 praegressis
659 1226 767 1290 verbis
791 1224 1042 1308 intellegeretur.
1067 1223 1170 1290 Velut
1184 1224 1299 1293 lutee

97 1406 99 1410 y
150 1336 295 1413 peractam
317 1333 531 1398 elcurealorum
553 1334 696 1416 litterum,
718 1333 754 1397 id
774 1336 988 1413 alapres,
1011 1336 1040 1395 et
1055 1332 1188 1414 perinde
1212 1332 1257 1413 [b
1270 1355 1297 1398 a

151 1436 296 1521 ‘perinde
325 1443 422 1525 atque
449 1459 473 1504 n
502 1461 562 1524 pro
590 1438 638 1521 s']
667 1439 803 1520 reliquus
825 1442 1002 1515 commanet·
1040 1438 1092 1503 vel
1116 1437 1230 1504 Olaud.
1256 1441 1298 1505 14

149 1566 203 1611 aec
224 1566 341 1628 semper
358 1548 552 1630 praeempta
570 1547 670 1630 lepum
686 1551 805 1611 secutas
821 1545 972 1610 duritiam
990 1545 1205 1628 leeimwmque
1221 1546 1300 1612 nuel·

150 1656 268 1730 turrem,
297 1673 334 1717 ee
361 1673 456 1735 aequo
482 1659 511 1718 et
536 1654 612 1718 bono
636 1653 766 1735 perinde
790 1650 916 1736 [‘atque
940 1673 979 1715 ex
1001 1651 1104 1717 iusto'
1128 1653 1299 1739 intellege]

149 1763 185 1822 ut
206 1757 389 1843 afficeretur,
412 1761 586 1826 moderatus
608 1766 659 1826 est.
697 1758 820 1824 Contra
843 1781 916 1824 cum
938 1759 1113 1844 negatione
1136 1759 1299 1825 sociatum

143 1865 274 1947 perinde
296 1865 382 1930 idem
406 1866 505 1932 etiam
529 1867 575 1931 sic
599 1867 741 1949 admisit,
764 1870 801 1931 ut
823 1866 871 1929 rei
895 1870 1101 1950 comparatae
1120 1866 1214 1932 notio
1232 1888 1299 1932 non

150 1973 334 2058 significata
366 1974 473 2038 verbis
507 1976 607 2060 osset,
637 1973 692 2038 sed
721 1973 920 2038 extrinsecus
950 1971 1170 2046 adsciscenda:
1205 1974 1300 2038 cuius

147 2080 275 2164 generis
308 2083 360 2144 sat
392 2080 569 2165 singularia
601 2080 750 2165 exempla
783 2083 921 2144 exstant.
971 2078 1010 2143 In
1042 2080 1112 2144 vita
1143 2078 1229 2164 Aug.
1254 2080 1299 2145 80

147 2187 303 2251 coxendice
329 2191 358 2251 ct
377 2187 493 2269 sensere
514 2194 542 2252 el
564 2209 651 2253 cruere
672 2189 800 2254 austro
822 2207 885 2252 noa
907 2187 1038 2270 perinde
1059 2165 1184 2251 ualebat
1205 2186 1298 2253 facili

148 2314 224 2357 sane
253 2293 454 2379 cogitatione
488 2293 617 2358 additur
645 2293 758 2379 ‘atque
786 2292 929 2358 dextro':
963 2293 1019 2358 sed
1047 2314 1130 2378 qnae
1157 2292 1230 2358 Tib.
1253 2292 1298 2358 52

148 2400 257 2483 posita
281 2406 356 2465 sunt
378 2401 483 2482 itaque
504 2421 543 2464 ae
565 2405 683 2464 ricemere
705 2401 828 2483 quedem
846 2401 974 2480 perinde
991 2399 1120 2480 affectus
1138 2406 1192 2486 cst,
1215 2401 1295 2466 item

149 2505 242 2571 Galb.
268 2507 309 2571 13
338 2528 434 2589 quare
462 2508 614 2572 educatus
642 2509 707 2573 cius
736 2528 800 2573 aaa
823 2508 954 2590 perinde
980 2512 1091 2590 matres
1121 2508 1200 2590 sarit,
1232 2530 1298 2574 non

147 2619 285 2698 possunt
309 2615 406 2679 aliam
430 2616 496 2679 vim
518 2613 638 2680 habere
662 2615 726 2679 nisi
746 2614 891 2698 ‘perinde
910 2619 1007 2699 atque
1026 2613 1177 2697 debebat,
1201 2618 1299 2699 atque

148 2727 398 2815 consentaneum
422 2725 501 2806 erat,
524 2727 622 2808 atque
642 2722 823 2806 exspectari
842 2719 998 2806 poterat'.
1034 2719 1074 2785 In
1098 2721 1299 2808 eandemque

147 2834 273 2911 partem
298 2831 336 2894 de
360 2830 512 2895 Terentio
537 2831 636 2893 verba
658 2829 716 2892 illa
739 2828 984 2913 interpretanda
1008 2831 1092 2893 sunt.

236 2937 361 3002 Ibidem
389 2939 490 3022 apreli
514 2937 706 3020 simpliciter
730 2937 793 3002 etsi
817 2937 898 3001 satis
922 2937 1042 3001 usitate
1066 2935 1219 3000 dicuntur
1242 2937 1297 3021 qui

148 3045 198 3108 vel
221 3049 329 3109 caetra
355 3046 406 3109 vel
429 3065 545 3109 navem
569 3043 620 3107 vel
643 3047 774 3127 portum
798 3044 994 3128 relinquunt,
1017 3047 1127 3107 tamen
1148 3042 1297 3109 ‘Romae'

149 3151 199 3214 vel
237 3149 358 3215 ‘urbis'
394 3153 487 3216 notio
523 3173 589 3216 non
629 3151 734 3235 magis
771 3150 880 3216 omitti
916 3150 1026 3233 potuit
1062 3172 1159 3234 quam
1192 3151 1296 3215 cuiue·

148 3257 230 3322 libet
254 3259 337 3325 alius
361 3259 438 3344 loci,
470 3260 560 3325 cuius
584 3258 713 3344 quidem
735 3280 800 3323 non
824 3261 910 3323 esset
933 3258 967 3322 in
990 3257 1036 3322 eis
1060 3279 1142 3342 quae
1165 3278 1297 3341 praece-

148 3363 228 3429 dunt
260 3368 381 3433 mentio
414 3367 502 3433 faeta
534 3372 571 3432 ut
598 3365 668 3431 Tib.
691 3367 744 3430 21.
777 3363 844 3430 Cal.
869 3366 927 3448 58,
959 3364 1047 3430 alibi.
1093 3363 1188 3440 Quod
1221 3386 1295 3429 cum

148 3473 319 3539 sanissimo
352 3473 472 3539 iudicio
507 3472 665 3558 Stephani
702 3473 847 3557 quisquis
880 3472 945 3537 fuit
977 3471 1099 3536 amicus
1132 3471 1297 3555 sensisset,

149 3583 259 3642 tamen
286 3581 515 3663 interpositum
544 3582 585 3644 ab
614 3580 671 3644 illo
703 3580 808 3645 urbere
835 3578 1027 3644 vocabulum
1051 3577 1170 3642 rectius
1195 3578 1295 3643 etiam

148 3686 182 3749 in
202 3686 381 3750 ablativum
401 3685 546 3751 Muretus
566 3687 714 3770 mutavit,
737 3685 770 3750 id
794 3683 878 3771 quod
900 3705 966 3748 non
986 3681 1133 3749 Suetonii
1156 3690 1296 3769 tantum,

149 3793 205 3857 sed
228 3792 407 3858 eommunis
430 3793 581 3878 loquendi
606 3792 804 3858 consuetudo
828 3791 944 3876 exigit,
976 3791 1040 3855 nisi
1063 3791 1119 3856 ubi
1143 3791 1224 3856 fines
1247 3792 1295 3856 rei

148 3899 321 3964 cuiuslibet
348 3900 481 3964 transiri
509 3900 667 3965 dicuntur.
694 3898 762 3963 ‘De
791 3920 854 3983 quo
878 3897 1035 3977 breviter,
1067 3897 1122 3962 sed
1146 3896 1296 3982 adposite

96 4026 135 4066 eu
150 4007 189 4071 ad
218 4029 286 4070 rem
309 4005 555 4091 Oudendorpius
583 4007 652 4092 egit
679 4006 714 4070 in
741 4007 797 4069 vit.
821 4006 905 4091 Aug.
933 4027 1002 4089 cap.
1025 4005 1082 4088 91,
1114 4004 1294 4070 simillimis

148 4114 302 4198 exemplis
325 4136 402 4179 usus
426 4113 495 4179 Tib.
518 4114 562 4178 40
584 4113 657 4178 urbe
679 4114 844 4196 epralicrrs,
877 4112 961 4199 Aug.
985 4112 1028 4176 53
1051 4113 1125 4178 urbe
1146 4114 1297 4199 oppidoue

146 4242 293 4304 wratis:
309 4242 373 4305 quo
388 4220 468 4284 adde
479 4219 595 4285 Vit.14
609 4220 683 4284 serbe
692 4220 848 4304 Italiaque
861 4221 1071 4286 malbeualici
1081 4221 1294 4306 enoederarl.*)

218 4361 243 4428 *l
263 4359 384 4428 Reliqua
403 4360 450 4428 qui
470 4377 636 4429 cognoscere
655 4360 760 4430 cupiet,
779 4360 848 4414 haee
863 4361 976 4428 habeto,
995 4359 1019 4413 si
1032 4359 1105 4414 forte
1119 4375 1176 4413 non
1191 4359 1296 4426 omnin,

146 4453 177 4504 at
196 4450 336 4519 pleraque..
374 4450 465 4518 epredi
485 4449 661 4503 tabernaculo
679 4451 751 4520 Aug.
771 4456 819 4518 m,
847 4450 926 4503 domo
945 4448 1006 4503 Tib.
1026 4453 1074 4516 bo,
1102 4448 1175 4503 uella
1192 4447 1231 4503 rb.
1251 4455 1296 4516 tt,
