2932 5026
263 108 329 171 314
537 123 780 186 stnsmouas
804 123 1140 172 ouous‘ronosucna.

265 269 493 336 *Kusicrluiv
522 267 709 334 Cacistio:
740 266 848 331 Plauti
876 267 1001 351 fabula,
1029 290 1049 333 a
1076 266 1161 332 servi
1190 268 1331 334 nomine.
1415 273 1457 343 Si

309 374 404 439 modo
432 378 517 439 recte
545 373 626 439 illud
656 373 785 438 restitui
809 373 977 459 Parergon
999 373 1014 437 l
1038 397 1069 458 p.
1096 373 1155 439 151
1179 396 1242 459 pro
1266 397 1305 441 eo
1326 385 1459 460 quod

309 485 359 546 est
381 481 416 546 in
437 481 593 546 casanae
616 481 700 564 apud
719 479 899 546 Varronem
918 480 957 545 de
975 480 996 546 l.
1014 480 1071 545 lat.
1090 479 1163 566 VII,
1183 483 1238 551 67.
1275 483 1458 555 Prorsus

309 588 431 652 factum
454 610 572 653 nomen
595 590 632 653 ut
649 587 823 669 Ἀρισίαιν,
850 588 1050 654 Καλλατίων.

265 695 467 760 *tartaros
492 693 684 761 Cacistus:
711 718 822 761 servus
846 694 1049 780 Vidulariae,
1077 700 1244 762 servatum
1267 698 1303 762 in
1326 722 1455 767 scae

309 823 370 866 nae
394 802 605 887 inscriptione
629 801 750 868 codicis
769 801 993 867 Ambrosiani:
1016 802 1089 867 vide
1109 804 1170 868 sub
1188 804 1332 871 Δεινίαε.
1378 803 1455 872 Ad

309 931 443 995 eamque
458 908 646 974 Vidulariae
665 930 837 993 personam
857 909 969 974 rettuli
983 910 1150 995 Parergon
1169 915 1193 975 t.
1208 909 1269 995 Ip.
1287 913 1355 977 162
1371 925 1454 985 sc]-

308 1016 472 1101 Fulgentii
491 1015 642 1100 'quamvis
666 1016 835 1100 suspitiosi
859 1016 1028 1101 scriptoris
1052 1017 1244 1083 memoriam
1261 1017 1458 1084 ΡίαιιίιιΙ)ι

309 1125 344 1188 ils
379 1122 498 1189 Cacislo
535 1127 851 1189 commemorantem.
885 1161 926 1171 —
964 1122 1115 1189 Ceterum
1153 1123 1278 1189 similia
1299 1112 1462 1192 hebdfl

308 1229 451 1311 Ἀρατο(
477 1232 645 1297 Κάλλιετο(
668 1231 808 1315 propria.
856 1229 953 1312 [Vide
976 1230 1210 1313 Benselerum.]
1443 1300 1462 1319 l

267 1338 428 1403 Καλλία(
453 1337 601 1403 Callias
620 1335 792 1422 (Caalna):
817 1358 924 1420 senex,
947 1335 1129 1402 Trinummi
1143 1336 1200 1420 lv,
1216 1338 1247 1422 2,
1263 1339 1303 1403 'll
1319 1336 1417 1426 (916κ
1434 1323 1462 1355 ⁴

312 1470 328 1509 α
344 1445 462 1529 Guyeti
485 1444 711 1510 emendatione
730 1443 878 1529 proditae
896 1443 930 1507 in
949 1443 1042 1508 libris
1061 1444 1243 1528 scripturae
1260 1445 1441 1513 collatu?

310 1552 393 1616 uude
422 1576 441 1618 a
464 1550 649 1617 Camerario
679 1551 792 1616 effecto
817 1549 958 1616 Callicles
984 1549 1109 1615 nomini
1139 1550 1232 1617 locus
1256 1575 1326 1618 esse
1346 1542 1462 1620 nonf

309 1663 419 1744 potest
441 1663 575 1744 propter
597 1681 625 1723 v.
650 1659 723 1724 899.

267 1767 549 1845 Καλλιδιίμα(
582 1764 862 1831 Callidamates
896 1762 1190 1852 (Camnauarns):
1226 1766 1409 1833 adulescens
1451 1769 1462 1807 ²

311 1872 540 1937 Mostellariae.
594 1871 679 1936 Mira
715 1894 753 1937 ac
789 1893 922 1955 prorsus
961 1872 1120 1958 singulari
1157 1873 1410 1939 transformandi

197 1977 198 1981 ’
310 1979 418 2064 specie
450 1979 572 2044 factum
604 2001 721 2044 nomen
754 1978 906 2044 latinum:
945 1979 1071 2064 quando
1103 1978 1142 2044 de
1174 1981 1413 2060 Καλλιδαμάτη(

309 2110 403 2152 nemo
431 2086 526 2152 facile
555 2086 722 2171 cogitabit.
767 2084 877 2150 Vnum
900 2109 960 2170 par
983 2090 1068 2152 esset
1091 2087 1325 2172 Asslidomolcs,
1352 2086 1413 2152 nisi

311 2195 340 2259 ei
363 2195 486 2259 formae
509 2193 605 2257 fidem
629 2215 728 2277 supra
752 2193 1032 2258 subtraxissemua.

267 2302 544 2381 Καλλιδημίδη(
573 2298 849 2366 Callidemides
878 2297 1167 2388 (Cealoauloasp
1200 2323 1314 2388 senex,
1346 2303 1415 2369 Tri·

310 2410 433 2476 nummi
460 2407 517 2491 IV,
545 2409 579 2491 2,
608 2408 648 2471 71
674 2405 782 2492 (916);
812 2444 854 2452 —
882 2405 1014 2489 hospes,
1042 2405 1190 2491 Hecyrae
1213 2407 1277 2492 111,
1305 2411 1341 2493 ²1,
1366 2411 1414 2476 18.

311 2516 350 2601 V,
373 2518 402 2601 3,
427 2518 456 2582 3.
479 2516 500 2580 6
524 2515 612 2601 (432.
637 2516 711 2580 801.
735 2512 822 2597 804).

267 2626 476 2703 Καλλικλῆ(
509 2620 696 2687 Callicles
728 2617 944 2705 (Camenas):
978 2642 1074 2685 senex
1104 2620 1303 2707 Trinummi,
1335 2624 1414 2690 Tru·

310 2730 438 2794 culenti.

263 2835 551 2914 *Καλλίμαρχο(
589 2834 875 2900 Callimarchus
909 2832 1178 2919 (Camuaacvslt
1216 2858 1315 2902 senex
1348 2838 1462 2905 Tri·-

308 2941 432 3005 nummi
456 2940 512 3023 IV,
536 2942 566 3023 2,
591 2941 632 3004 72
658 2938 760 3026 (917),
785 2942 812 3004 si
835 2940 936 3006 libros
960 2942 1132 3025 sequimur.
1180 2941 1344 3008 Graecum
1367 2949 1420 3009 ta-

311 3071 385 3114 men
416 3048 609 3114 vocabulum
633 3070 653 3111 a
674 3046 826 3127 κάλλιμα(
850 3049 1066 3131 compositum
1090 3070 1162 3114 cnm
1187 3049 1321 3115 omnino
1345 3050 1439 3114 nul-

309 3158 377 3222 lum
401 3161 528 3222 exstare
552 3156 705 3237 viderent,
729 3155 785 3220 alii
805 3154 1030 3220 Callimachum
1054 3152 1180 3240 (addita
1203 3155 1336 3240 quidem
1360 3162 1424 3221 ant

309 3287 351 3330 αιι
376 3267 433 3329 aut
455 3285 508 3328 -ae
525 3263 686 3347 particula
705 3260 745 3325 ad
766 3260 980 3345 supplendum
999 3260 1142 3346 versum)
1161 3263 1419 3345 substituebant,

311 3376 368 3435 aut
391 3370 603 3436 Colliorcbum
626 3369 896 3435 commendabant
920 3373 956 3432 ut
978 3367 1038 3432 Ed.
1061 3367 1202 3434 Meiems
1228 3372 1301 3450 [aut
1319 3371 1413 3436 Calli·

310 3478 493 3560 carptum}
536 3475 658 3542 Verum
677 3477 758 3541 satis
777 3480 886 3539 tamen
906 3478 1038 3540 firmant
1057 3476 1203 3540 codicum
1222 3477 1409 3542 memoriam

310 3590 343 3649 et
367 3584 610 3665 Ἀλκηείμαρχα(
633 3583 754 3648 factum
769 3582 819 3647 ab
843 3579 1040 3667 (ἀλκή(ιμο()
1064 3582 1256 3663 Ἀλκή(ιμο(,
1280 3588 1314 3648 et
1336 3585 1408 3650 Teu

310 3693 441 3771 ξιμάρχη
466 3714 485 3754 a
508 3692 650 3768 τεύξιμο(
674 3690 816 3754 ductum.
859 3685 921 3768 [cf.
943 3686 1032 3753 Diar.
1056 3689 1155 3773 antiq.
1178 3689 1263 3756 stud.
1288 3714 1308 3756 a
1329 3690 1410 3757 1850

309 3822 338 3882 p.
363 3799 449 3878 335]

265 3905 487 3970 Καλλίνικο(
508 3904 724 3971 Callinicus
739 3902 970 3991 (Camulovs):
990 3926 1095 3989 senex,
1114 3903 1299 3972 Trinummi
1320 3926 1409 3971 versu

310 4011 430 4076 eodem.

267 4120 485 4185 Κάλλιππο(
510 4118 934 4207 Callippus(Ca1.1va):
959 4142 1064 4205 senex,
1087 4121 1217 4186 ibidem.

267 4229 471 4306 Καλλιφῶν
495 4225 677 4311 Callipho
702 4227 878 4314 (Cai.1ro):
902 4249 999 4295 senex
1023 4228 1184 4295 Pseuduli.
