2932 5026
546 336 803 389 uoursrourcrs.
1181 314 1250 383 41⁶

132 482 303 569 eundemque
319 478 478 549 Calenum
500 485 598 567 recte,
619 484 657 546 ut
679 480 886 566 arbitramur,
908 476 1123 544 Schneiderus
1145 477 1167 541 l.
1181 500 1206 542 s.
1222 498 1248 541 s.

133 590 219 677 pum
236 590 367 657 rettulit
388 586 532 675 Appiani
555 588 596 653 de
617 589 650 655 b.
662 588 724 654 civ.
737 584 847 673 1V,4‘1
871 585 981 669 verba,
1003 583 1121 670 quibus
1134 581 1250 667 Varro,

133 696 328 764 triumviris
355 718 386 761 a.
409 695 474 762 710
496 694 711 780 proscriptus,
740 698 893 761 narratur
914 716 935 759 s
957 690 1079 758 Caleno
1101 693 1249 756 serratus

134 804 237 897 cuein
253 803 347 869 cuius
363 802 445 869 villa
461 800 654 868 delituisset.
668 799 951 867 —Laterensis
970 799 1033 865 etsi
1052 797 1123 865 fieri
1140 802 1250 883 potest

135 916 162 977 nt
179 910 215 977 1
233 908 401 977 Iuventius
427 909 590 997 cogitetur
612 907 841 993 Caesarianus,
869 913 983 975 temen
1008 904 1128 971 rectius
1156 910 1250 989 puta·

136 1016 201 1085 tiur
217 1018 314 1103 longe
335 1014 396 1083 illo
417 1014 527 1082 notior
539 1012 583 1081 M.
596 1014 765 1080 luventius
778 1012 962 1081 Laterensis
981 1016 1114 1099 praetor
1132 1034 1162 1077 a.
1176 1012 1250 1096 ⁷02,

138 1121 167 1189 tc
181 1144 235 1211 que
256 1122 381 1189 multus
402 1120 516 1189 Cicero
539 1121 574 1186 iu
597 1119 781 1187 Planciuua
803 1158 847 1169 —
869 1119 1041 1187 Postremo
1062 1118 1252 1187 Scaevola

138 1230 176 1295 rix
187 1234 230 1297 cet
244 1230 280 1297 iu
296 1228 532 1297 illustrioribus
550 1227 618 1293 illis
635 1225 752 1293 Muciis
770 1213 934 1293 Scaevolis
952 1226 1151 1312 quaerendus
1169 1232 1249 1293 natu

139 1334 276 1423 sliquauto
298 1335 484 1421 maionirus,
506 1334 563 1400 sed
586 1334 615 1401 si
638 1334 716 1420 quid
739 1334 834 1399 video
856 1332 893 1411 Q.
907 1332 1035 1400 Mucius
1057 1333 1143 1413 (Μ’.
1157 1332 1194 1411 Q.
1209 1332 1250 1400 N.

139 1443 321 1529 rcdpieudus,
342 1442 494 1509 tribunus
517 1464 546 1507 a
568 1441 649 1527 699,
672 1440 710 1519 Q.
732 1438 899 1507 Ciceronis
923 1440 957 1505 in
979 1440 1063 1507 Asia
1083 1440 1252 1526 provincia

139 1548 906 1636 madsstmstesaugurfaotusa'ltit.

200 1654 317 1735 Quodsi
343 1655 381 1721 iu
401 1654 518 1723 horum
540 1676 623 1741 quos
645 1654 867 1722 recensuimus
888 1654 1059 1721 hominum
1082 1654 1168 1719 vitus
1191 1653 1251 1718 sti-

139 1766 230 1846 emio
249 1762 439 1851 diligentius
457 1762 642 1849 inquisieris
660 1785 760 1849 quum
778 1763 872 1829 nobis
891 1784 977 1829 nnuc
995 1765 1046 1827 est
1063 1781 1250 1827 eoncessum

138 1888 180 1951 no
198 1872 319 1939 consilii
345 1871 451 1939 nostri
477 1871 605 1938 mtiooe
632 1871 767 1956 ipseque
794 1869 856 1935 hac
883 1868 1044 1935 scribendi
1072 1869 1252 1949 occasione,

139 1978 311 2047 memorabili
339 1978 605 2045 documentorum
633 1982 668 2043 et
690 1976 897 2043 multitudine
920 1980 954 2041 et
977 1976 1135 2041 varietate
1157 1974 1250 2039 iutel-

138 2078 211 2171 ΙΨ,
234 2108 333 2173 quam
360 2084 505 2151 diversos
531 2085 669 2171 ipsoque
691 2085 834 2169 partium
857 2081 967 2149 studio
989 2082 1147 2149 discretas
1170 2082 1250 2148 cmi-

139 2188 207 2258 dh're
226 2214 284 2279 per
300 2192 489 2259 diuturnum
507 2192 594 2257 vites
613 2213 743 2257 cursum
757 2189 864 2257 Vsrro
883 2190 1035 2258 coluerit:
1057 2190 1250 2276 praesertim

138 2294 177 2365 uti
192 2320 298 2368 eorum
318 2298 454 2367 nominc
476 2298 654 2384 addideris,
676 2297 793 2383 quibus
815 2298 867 2363 vel
891 2296 1066 2383 ampliores
1089 2320 1250 2364 commen·

139 2403 214 2501 ,fidus
233 2406 411 2493 inscripsit,
433 2409 471 2471 ut
493 2402 651 2490 Ciceroni,
673 2403 839 2489 Pompeio,
861 2401 1006 2490 Caesari,
1027 2402 1064 2472 P.
1082 2404 1252 2490 Septimio,

138 2504 269 2599 hauc,
290 2510 424 2597 Liboni,
446 2511 545 2577 Accio
568 2510 622 2599 (de
646 2533 709 2595 quo
733 2510 812 2576 alibi
835 2509 988 2597 dicetur),
1019 2511 1070 2578 vcl
1093 2509 1251 2595 epistulas

139 2617 204 2684 nisit
221 2626 257 2686 ut
278 2618 329 2707 (0.
350 2619 485 2708 Epidio)
507 2619 657 2703 Marullo,
679 2617 847 2705 (Claudio)
869 2616 1003 2702 Neroni,
1025 2616 1092 2683 Ser.
1107 2617 1251 2702 Sulpicio

138 2717 245 2803 (Galbae
259 2751 301 2794 an
314 2725 449 2811 Refer),
466 2724 569 2791 Fabio
582 2724 724 2811 (Sangae
740 2747 782 2790 cn
795 2725 939 2791 Marinio
959 2747 1000 2791 eu
1015 2723 1205 2809 Vergiliano
1211 2724 1250 2809 t).

139 2824 206 2902 Quod
225 2856 319 2900 omne
343 2832 438 2917 quale
461 2833 506 2898 sit
527 2837 561 2897 et
584 2834 768 2917 quamnim
792 2832 913 2898 habeut
936 2832 978 2897 ad
1000 2838 1087 2897 recte
1111 2832 1251 2896 iudicen-

139 2930 348 3007 deverrens
375 2962 481 3005 mores
509 2944 543 3004 et
569 2940 749 3025 ingenium,
781 2963 845 3005 non
874 2941 944 3005 sinc
967 2940 1074 3005 fructu
1098 2961 1251 3024 quaerere

139 3060 209 3120 posse
227 3047 389 3132 videmini,
411 3047 438 3110 si
462 3047 518 3131 qui
541 3047 668 3112 nevitcr
691 3047 808 3112 voletis
832 3047 865 3110 in
889 3046 973 3112 hanc
996 3047 1250 3132 disputationem

140 3142 301 3221 incumbere.
330 3190 372 3199 -
400 3153 575 3218 Praeterea
596 3176 696 3219 unum
720 3157 828 3218 exstet
851 3153 884 3218 in
908 3154 1066 3220 librorum
1090 3154 1250 3219 iudicibus

141 3246 386 3327 Vmcnicnorum
400 3283 518 3327 nomen
532 3259 672 3325 Romani
687 3261 838 3344 hominis,
853 3261 949 3344 idque
964 3262 1043 3326 adeo
1059 3282 1250 3346 cognomen:

140 3354 270 3447 hanso,
291 3389 357 3454 quo
376 3390 442 3433 nou
461 3365 673 3433 dubitandum
692 3367 769 3452 quin
789 3365 824 3431 Ο.
839 3366 960 3431 Atilius
976 3365 1132 3431 Serranus
1152 3368 1250 3452 signi-

141 3460 232 3540 ficetur.
274 3472 337 3541 Sed
366 3475 399 3541 id
426 3480 537 3540 tamen
565 3478 598 3539 et
625 3498 645 3539 a
671 3473 934 3559 logistoricorum
962 3475 1118 3540 societate
1146 3475 1250 3539 seiun-

142 3575 249 3649 gendum
271 3604 342 3647 esse
361 3583 452 3647 etde
470 3583 571 3647 satira
589 3583 698 3666 potius
718 3581 1005 3666 interpretandum,
1028 3604 1102 3647 cum
1121 3581 1249 3668 gemino

142 3670 277 3771 nuptio
296 3709 415 3774 graeca
433 3694 623 3775 argumento
644 3693 694 3753 est
716 3691 788 3768 περὶ
806 3688 1024 3768 ἀρχαιρεειῶν,
1049 3694 1117 3753 tum
1142 3711 1250 3754 nume·

141 3798 221 3857 rorum
241 3797 273 3861 in
296 3795 423 3861 duobus
446 3796 640 3880 fragmentis
663 3796 819 3880 vestigia,
842 3796 927 3879 apud
951 3794 1093 3861 Nouium
1117 3820 1148 3881 p.
1171 3797 1250 3861 259:

140 3885 262 3976 danne
288 3902 455 3986 imperinm
479 3902 590 3985 populi
619 3903 648 3966 e't
678 3903 855 3967 contendere
884 3901 1029 3967 nonnos:
1066 3901 1251 3986 ibidemque

141 4010 164 4070 P·
179 4002 244 4074 455:
272 4015 410 4077 rostram
432 4009 640 4092 pndtnrdeedo
662 4010 844 4075 incesserent
865 4007 926 4094 (sic
949 4009 1037 4073 enim
1060 4030 1132 4073 enm
1157 4008 1251 4073 Iunio

141 4106 311 4183 mnndum
334 4116 490 4201 videtur),
518 4116 636 4201 quibus
664 4116 769 4181 exitus
798 4117 835 4181 fit
862 4116 931 4180 sive
954 4116 1072 4181 senarii
1095 4117 1163 4181 sive
1186 4120 1252 4180 tro-

141 4202 219 4285 chaici
238 4225 421 4308 septenarii.

155 4415 161 4427 ι
206 4323 359 4415 Tempora
382 4331 410 4395 si
434 4330 609 4397 lustremus
634 4353 745 4396 eorum
768 4331 949 4415 hominum,
979 4333 1094 4418 quibus
1119 4332 1252 4417 logisto—

143 4431 205 4493 “002
224 4434 391 4524 inscriptos
413 4438 692 4523 deprehendimus,
714 4439 861 4524 proximo
884 4438 918 4503 iu
937 4443 1252 4525 utramquepartem
