2956 5018
174 277 239 343 296
586 294 633 338 nn
656 289 914 338 aunnuarronn

176 436 414 521 superscriptis,
438 436 630 520 subscriptis
654 434 782 498 infinito
805 455 939 498 numero
964 433 1248 520 explicationibus,
1268 436 1320 503 sed

176 542 303 607 easdem
337 566 433 627 saepe
467 543 508 607 ab
540 542 622 626 ipsis
652 543 766 625 poetae
795 540 902 605 verbis
933 541 1013 605 adeo
1044 540 1112 605 sive
1143 543 1321 610 litterarum

174 651 282 725 forma
309 650 377 714 sive
404 649 549 714 locorum
579 646 821 731 opportunitate
849 669 916 711 non
938 647 1112 712 distinctas
1135 653 1264 734 tenent,
1288 656 1323 717 ut

177 780 244 823 non
276 777 364 839 raro,
395 753 643 837 interpretarine
677 751 800 837 aliquid
833 753 960 818 librarii
990 754 1156 819 voluerint
1187 778 1233 822 an
1262 759 1322 843 ipsi

177 863 318 945 fabulae,
343 861 427 946 quod
450 861 484 926 in
506 861 678 925 verborum
702 860 916 926 continuitate
939 860 1024 925 forte
1049 861 1210 927 omissum
1233 866 1324 945 esset,

178 969 316 1048 adicere,
350 968 482 1032 minime
512 965 643 1050 liqueat.
699 965 748 1030 Ac
779 966 856 1031 licet
886 987 1132 1051 nonnumquam
1161 971 1234 1033 tarn
1262 967 1324 1035 eri-

177 1077 290 1141 denter
313 1075 429 1141 talium
453 1074 612 1158 originem
636 1073 868 1158 glossematum
887 1074 1067 1159 ostendere,
1090 1078 1127 1139 ut
1150 1074 1325 1140 1111111111-

178 1186 286 1247 currat
313 1182 352 1248 in
376 1182 500 1264 oculos,
532 1180 624 1245 velut
653 1203 690 1245 ex
719 1180 839 1263 duplici
864 1180 1026 1263 scriptura
1049 1181 1153 1265 ipsius
1176 1181 1325 1247 Bembini

178 1288 203 1373 Ι,
218 1289 270 1354 52.
293 1287 335 1371 Π,
350 1288 406 1370 28,
434 1308 472 1350 ex
496 1285 795 1368 interpretamentis
818 1283 974 1351 Halensis
999 1288 1075 1352 libri
1099 1285 1325 1374 (nequeenim

179 1419 217 1461 ex
249 1393 375 1459 Italicis
408 1392 473 1456 illis
506 1392 738 1456 vetustissimis
775 1391 943 1476 ingentem
975 1394 1058 1459 banc
1091 1395 1326 1480 glossematum

180 1504 323 1587 segetem
347 1496 589 1584 descripsimus)
616 1497 688 1561 Per.
712 1498 741 1563 5.
769 1497 815 1579 ll,
838 1500 880 1562 47
910 1500 997 1565 alibi.
1043 1499 1148 1576 Quam
1171 1500 1326 1567 immania

179 1612 288 1673 autern
316 1607 378 1671 boc
407 1605 502 1670 modo
530 1605 708 1688 scripturae
736 1608 883 1669 monstra
911 1607 1072 1671 exsistant
1093 1608 1258 1673 luculento
1276 1630 1326 1673 ex·

181 1716 288 1799 emplo
314 1717 475 1779 extremus
499 1733 609 1775 versus
632 1711 803 1795 periochae
827 1711 930 1777 docet.
971 1712 1062 1789 Quae
1086 1736 1160 1778 cum
1184 1713 1233 1778 ita
1255 1715 1326 1797 sint,

143 1822 260 1906 mquid
294 1823 344 1885 est
375 1818 521 1901 tandem,
550 1840 607 1882 cur
638 1818 713 1882 inde
747 1841 766 1882 a
795 1822 910 1903 quarto
942 1821 1070 1884 saeculo
1101 1821 1267 1905 corrumpi
1295 1826 1327 1886 et

180 1927 370 2012 interpolari
394 1925 607 1990 Terentianas
636 1924 765 1989 fabulas
788 1927 948 2010 potuisse,
983 1949 1049 1993 non
1078 1927 1226 2011 potuisse
1254 1933 1327 1995 anto

182 2036 335 2118 quartum
359 2032 523 2096 saeculum
547 2031 739 2116 opinemur?
1014 2024 1018 2031 ’

269 2138 365 2203 Nunc
393 2142 515 2220 autern,
542 2139 674 2202 tametsi
702 2140 795 2203 robis
825 2141 1015 2205 emendandi
1043 2141 1218 2207 materiam
1240 2162 1341 2228 prae-

181 2247 288 2330 ripere
312 2245 474 2327 nolumus,
503 2244 629 2329 aliquot
656 2245 773 2310 saltem
797 2246 969 2330 exemplis,
997 2270 1062 2331 qua
1084 2249 1214 2315 ratione
1235 2272 1276 2315 eo
1296 2253 1356 2318 11ι

182 2353 314 2439 negotio
335 2351 528 2416 versandum
552 2351 602 2433 sit,
627 2351 893 2435 significabimus,
916 2353 1100 2437 promiscue
1119 2354 1160 2419 iis
1180 2378 1198 2420 e
1216 2358 1352 2440 quoriu

182 2480 299 2546 genere
321 2458 442 2543 petitis.
478 2458 652 2522 Periocbae
677 2458 741 2523 ab
764 2462 901 2542 apparet
923 2461 1041 2525 11111111
1063 2461 1356 2546 interpretamen-

182 2571 252 2631 tum
276 2588 346 2631 csse
369 2567 415 2630 rei
436 2565 533 2649 vocis,
557 2569 590 2629 et
603 2565 829 2649 Apollinarem
853 2565 1038 2631 huiusmodi
1058 2566 1214 2651 quiddam
1232 2570 1356 2657 scrip-

183 2679 252 2739 tum
275 2672 458 2757 reliquisse:
480 2673 602 2753 faurum
624 2674 670 2737 rei
692 2673 747 2737 Ea
767 2673 867 2753 fratrc
891 2674 926 2737 io
948 2694 1010 2739 sese
1032 2675 1247 2756 transferebat,
1269 2676 1356 2741 nisi

184 2780 286 2845 mavis
309 2780 364 2844 Ea
387 2781 453 2863 illc,
487 2780 536 2842 vcl
560 2780 604 2844 In
626 2801 688 2845 sese
711 2785 747 2844 tr.
771 2801 907 2844 errassem:
939 2803 1016 2845 narn
1044 2804 1107 2848 sese
1128 2804 1189 2865 pro
1212 2803 1246 2849 se
1268 2805 1347 2848 sar-

184 2885 325 2951 vandum
343 2887 534 2950 necessario.
566 2885 698 2971 Prologi
717 2889 778 2950 v.4
797 2888 952 2971 quoniam
970 2891 1029 2953 1111
1046 2893 1200 2974 correpta
1217 2890 1348 2955 ultima

184 2998 378 3076 usurpatum
402 2993 618 3057 demonstrari
641 2993 731 3058 nullo
756 2993 851 3058 modo
874 2999 992 3078 potest,
1014 2996 1049 3060 in
1062 2996 1097 3061 D
1115 3000 1228 3062 antem
1247 2997 1336 3062 aliis·

186 3120 248 3183 que
273 3102 323 3162 est
344 3100 403 3162 erit
425 3103 465 3182 et,
488 3122 551 3181 quo
576 3102 720 3183 spectare
745 3100 844 3164 etiarn
867 3103 959 3183 eripuit
981 3102 1122 3185 ridetur,
1144 3102 1256 3169 deleto
1277 3104 1338 3169 aar

185 3205 378 3290 simpliciter
410 3228 482 3270 cum
514 3204 635 3269 Bothio
667 3211 696 3269 ct
727 3206 945 3271 scribendum:
983 3209 1073 3273 cuius
1106 3231 1209 3293 opera
1236 3210 1329 3275 etiam

185 3338 214 3378 v.
238 3314 281 3379 53
306 3317 339 3377 11
361 3312 407 3396 ΙΙ,
430 3313 471 3377 41
501 3334 576 3375 vere
599 3312 740 3377 restitut'
766 3318 849 3378 sunt.
895 3313 990 3380 Alios
1015 3338 1203 3383 succurrere
1226 3317 1327 3383 versui

186 3422 314 3487 sublato
347 3421 433 3485 critis
464 3419 605 3484 voluisse
637 3419 700 3485 Bo
729 3421 910 3485 ostendunt
960 3421 1045 3487 v.5
1077 3423 1132 3487 vix
1165 3426 1218 3488 est
1250 3421 1327 3509 qnod

186 3551 374 3594 moneamus
397 3529 469 3592 claci
491 3529 526 3593 id
544 3528 664 3608 [11111111
686 3533 822 3609 mauriaci
846 3529 1050 3594 scribendum
1074 3551 1158 3593 esse:
1191 3530 1225 3594 id
1248 3528 1327 3615 quod

186 3636 240 3700 diu
268 3636 390 3701 factum
422 3635 568 3718 oportuit
597 3658 782 3719 quanquam
813 3640 925 3702 contra
945 3637 1070 3703 ·Facrni
1101 3637 1328 3719 testimonium,

187 3742 272 3827 quod
303 3742 410 3825 ipsum
440 3762 526 3804 nunc
554 3741 673 3806 falsum
704 3763 774 3806 esse
798 3744 1024 3826 comperimus.
1069 3742 1215 3808 Scaenae
1237 3742 1268 3827 l,
1292 3742 1328 3809 lb

187 3847 312 3933 pridem
330 3846 473 3911 dubitari
492 3847 647 3912 debuerat
665 3849 703 3913 dc
721 3871 833 3913 versus
853 3849 951 3932 exitu,
974 3854 1042 3915 tarn
1061 3850 1119 3915 illo
1138 3849 1329 3915 inconcinne

188 3959 225 4019 ut
245 3953 328 4017 nihil
352 3977 458 4039 supra.
498 3953 675 4019 Pristinam
699 3956 893 4039 scripturam
919 3979 939 4020 1
957 3956 1116 4022 Bembina
1140 3955 1329 4021 1111111111-

187 4084 310 4127 ramus:
342 4067 386 4126 set
405 4062 505 4142 fratre
526 4083 563 4126 cr
584 4083 658 4126 orco.
693 4062 900 4128 Dissimili-is
922 4065 1022 4128 strutio
1044 4068 1087 4127 est
1109 4084 1168 4124 -z
1200 4084 1267 4147 qua
1287 4082 1332 4127 ra·

187 4169 278 4233 tione
297 4168 395 4232 simul
414 4169 505 4254 origo
523 4169 718 4255 perspicitur
735 4170 898 4235 dissimilis
917 4171 1101 4254 scripturae.
1125 4168 1258 4234 Contra
1269 4190 1332 4234 non

188 4279 238 4341 est
265 4275 496 4360 dubitandum,
528 4278 605 4362 quin
639 4300 667 4341 v.
691 4279 734 4342 30
766 4278 945 4342 rectissime
979 4299 1013 4340 se
1047 4276 1169 4341 habeat
1195 4276 1333 4354 11111111,

187 4384 390 4467 corruptelae
419 4388 526 4448 autem
556 4384 647 4449 sedes
675 4383 734 4448 illa
757 4385 814 4469 sit,
848 4408 944 4471 quam
967 4405 1054 4449 nunc
1078 4383 1255 4468 occuparit
1276 4382 1332 4447 im·
