<?xml version="1.0" encoding="UTF-8"?>
<!DOCTYPE html PUBLIC "-//W3C//DTD XHTML 1.0 Transitional//EN"
    "http://www.w3.org/TR/xhtml1/DTD/xhtml1-transitional.dtd">
<html xmlns="http://www.w3.org/1999/xhtml" xml:lang="en" lang="en">
 <head>
  <title>
</title>
<meta http-equiv="Content-Type" content="text/html;charset=utf-8" />
  <meta name='ocr-system' content='tesseract 3.04.00' />
  <meta name='ocr-capabilities' content='ocr_page ocr_carea ocr_par ocr_line ocrx_word'/>
</head>
<body>
  <div class='ocr_page' id='page_1' title='image "./fridericiritsch02ritsgoog_0344.png"; bbox 0 0 2932 5026; ppageno 0'>
   <div class='ocr_carea' id='block_1_1' title="bbox 136 305 1010 394">
    <p class='ocr_par' dir='ltr' id='par_1_1' title="bbox 136 305 1010 394">
     <span class='ocr_line' id='line_1_1' title="bbox 136 305 1010 394; baseline -0.011 -8"><span class='ocrx_word' id='word_1_1' title='bbox 136 322 201 386; x_wconf 81' lang='lat'><strong>312</strong></span> <span class='ocrx_word' id='word_1_2' title='bbox 242 305 244 309; x_wconf 62' lang='grc'><strong>’</strong></span> <span class='ocrx_word' id='word_1_3' title='bbox 412 332 652 394; x_wconf 73' lang='lat' dir='ltr'><strong>ovansmonns</strong></span> <span class='ocrx_word' id='word_1_4' title='bbox 676 330 1010 379; x_wconf 75' lang='lat' dir='ltr'><strong>oxonnronoorcrn.</strong></span> 
     </span>
    </p>
   </div>
   <div class='ocr_carea' id='block_1_2' title="bbox 137 473 1301 3529">
    <p class='ocr_par' dir='ltr' id='par_1_2' title="bbox 180 473 1287 773">
     <span class='ocr_line' id='line_1_2' title="bbox 181 473 1287 556; baseline -0.008 -11"><span class='ocrx_word' id='word_1_5' title='bbox 181 481 256 545; x_wconf 90' lang='lat' dir='ltr'><strong>dum</strong></span> <span class='ocrx_word' id='word_1_6' title='bbox 281 479 370 543; x_wconf 88' lang='lat' dir='ltr'><strong>nulla</strong></span> <span class='ocrx_word' id='word_1_7' title='bbox 393 476 574 541; x_wconf 76' lang='lat' dir='ltr'><strong>mutatione</strong></span> <span class='ocrx_word' id='word_1_8' title='bbox 598 475 631 539; x_wconf 90' lang='lat' dir='ltr'><strong>in</strong></span> <span class='ocrx_word' id='word_1_9' title='bbox 653 475 784 540; x_wconf 87' lang='lat' dir='ltr'><strong>fabulae</strong></span> <span class='ocrx_word' id='word_1_10' title='bbox 804 496 920 552; x_wconf 77' lang='lat' dir='ltr'><strong>yersus</strong></span> <span class='ocrx_word' id='word_1_11' title='bbox 945 495 1056 538; x_wconf 88' lang='lat' dir='ltr'><strong>omnes</strong></span> <span class='ocrx_word' id='word_1_12' title='bbox 1082 474 1200 556; x_wconf 90' lang='lat' dir='ltr'><strong>intret,</strong></span> <span class='ocrx_word' id='word_1_13' title='bbox 1224 473 1287 537; x_wconf 87' lang='lat' dir='ltr'><strong>iarn</strong></span> 
     </span>
     <span class='ocr_line' id='line_1_3' title="bbox 180 578 1286 669; baseline -0.006 -18"><span class='ocrx_word' id='word_1_14' title='bbox 180 609 263 652; x_wconf 90' lang='lat' dir='ltr'><strong>unus</strong></span> <span class='ocrx_word' id='word_1_15' title='bbox 291 585 427 669; x_wconf 86' lang='lat' dir='ltr'><strong>quisque</strong></span> <span class='ocrx_word' id='word_1_16' title='bbox 455 583 576 667; x_wconf 90' lang='lat' dir='ltr'><strong>poterit</strong></span> <span class='ocrx_word' id='word_1_17' title='bbox 600 604 659 666; x_wconf 90' lang='lat' dir='ltr'><strong>pro</strong></span> <span class='ocrx_word' id='word_1_18' title='bbox 683 604 717 644; x_wconf 89' lang='lat' dir='ltr'><strong>se</strong></span> <span class='ocrx_word' id='word_1_19' title='bbox 741 582 810 665; x_wconf 88' lang='lat' dir='ltr'><strong>ipse</strong></span> <span class='ocrx_word' id='word_1_20' title='bbox 835 580 983 664; x_wconf 86' lang='lat' dir='ltr'><strong>experiri.</strong></span> <span class='ocrx_word' id='word_1_21' title='bbox 1031 578 1093 660; x_wconf 78' lang='lat' dir='ltr'><strong>[cf.</strong></span> <span class='ocrx_word' id='word_1_22' title='bbox 1118 579 1154 646; x_wconf 82' lang='lat' dir='ltr'><strong>C.</strong></span> <span class='ocrx_word' id='word_1_23' title='bbox 1179 580 1214 645; x_wconf 81' lang='lat' dir='ltr'><strong>F.</strong></span> <span class='ocrx_word' id='word_1_24' title='bbox 1239 579 1286 644; x_wconf 89' lang='lat' dir='ltr'><strong>W.</strong></span> 
     </span>
     <span class='ocr_line' id='line_1_4' title="bbox 181 686 1245 773; baseline -0.005 -17"><span class='ocrx_word' id='word_1_25' title='bbox 181 693 298 757; x_wconf 76' lang='lat' dir='ltr'><strong>Muller</strong></span> <span class='ocrx_word' id='word_1_26' title='bbox 322 691 437 757; x_wconf 75' lang='lat' dir='ltr'><strong>‘Plaut</strong></span> <span class='ocrx_word' id='word_1_27' title='bbox 460 688 604 755; x_wconf 85' lang='lat' dir='ltr'><strong>Prosod’</strong></span> <span class='ocrx_word' id='word_1_28' title='bbox 628 713 658 773; x_wconf 93' lang='lat' dir='ltr'><strong>p.</strong></span> <span class='ocrx_word' id='word_1_29' title='bbox 682 689 748 753; x_wconf 83' lang='lat'><strong>330</strong></span> <span class='ocrx_word' id='word_1_30' title='bbox 771 693 881 752; x_wconf 92' lang='lat' dir='ltr'><strong>annot.</strong></span> <span class='ocrx_word' id='word_1_31' title='bbox 905 686 1096 772; x_wconf 77' lang='lat' dir='ltr'><strong>‘Nachtrag’</strong></span> <span class='ocrx_word' id='word_1_32' title='bbox 1122 711 1153 770; x_wconf 88' lang='lat' dir='ltr'><strong>p.</strong></span> <span class='ocrx_word' id='word_1_33' title='bbox 1178 689 1245 768; x_wconf 69' lang='lat' dir='ltr'><strong>la]</strong></span> 
     </span>
    </p>

    <p class='ocr_par' dir='ltr' id='par_1_3' title="bbox 138 793 1285 1097">
     <span class='ocr_line' id='line_1_5' title="bbox 138 793 1285 882; baseline -0.007 -16"><span class='ocrx_word' id='word_1_34' title='bbox 138 800 324 866; x_wconf 77' lang='grc' dir='ltr'>Ἐπίδικο(</span> <span class='ocrx_word' id='word_1_35' title='bbox 348 797 550 882; x_wconf 79' lang='lat' dir='ltr'><strong>Epidicus:</strong></span> <span class='ocrx_word' id='word_1_36' title='bbox 575 818 685 860; x_wconf 87' lang='lat' dir='ltr'><strong>servus</strong></span> <span class='ocrx_word' id='word_1_37' title='bbox 709 795 851 881; x_wconf 74' lang='lat' dir='ltr'><strong>Epidici,</strong></span> <span class='ocrx_word' id='word_1_38' title='bbox 876 833 919 840; x_wconf 89' lang='lat'><strong>——</strong></span> <span class='ocrx_word' id='word_1_39' title='bbox 942 796 1022 858; x_wconf 87' lang='lat' dir='ltr'><strong>item</strong></span> <span class='ocrx_word' id='word_1_40' title='bbox 1045 793 1135 877; x_wconf 89' lang='lat' dir='ltr'><strong>apud</strong></span> <span class='ocrx_word' id='word_1_41' title='bbox 1161 795 1285 878; x_wconf 82' lang='lat' dir='ltr'><strong>Anony-</strong></span> 
     </span>
     <span class='ocr_line' id='line_1_6' title="bbox 186 899 1284 989; baseline -0.005 -19"><span class='ocrx_word' id='word_1_42' title='bbox 186 928 274 970; x_wconf 89' lang='lat' dir='ltr'><strong>mum</strong></span> <span class='ocrx_word' id='word_1_43' title='bbox 297 928 328 989; x_wconf 94' lang='lat' dir='ltr'><strong>p.</strong></span> <span class='ocrx_word' id='word_1_44' title='bbox 351 905 414 969; x_wconf 86' lang='lat'><strong>100</strong></span> <span class='ocrx_word' id='word_1_45' title='bbox 437 902 531 968; x_wconf 89' lang='lat' dir='ltr'><strong>Ribb.</strong></span> <span class='ocrx_word' id='word_1_46' title='bbox 551 902 696 967; x_wconf 80' lang='lat' dir='ltr'><strong>Tertium</strong></span> <span class='ocrx_word' id='word_1_47' title='bbox 721 901 904 985; x_wconf 86' lang='lat' dir='ltr'><strong>exemplum</strong></span> <span class='ocrx_word' id='word_1_48' title='bbox 928 923 944 964; x_wconf 90' lang='lat' dir='ltr'><strong>e</strong></span> <span class='ocrx_word' id='word_1_49' title='bbox 968 901 1158 966; x_wconf 86' lang='lat' dir='ltr'><strong>coniectura</strong></span> <span class='ocrx_word' id='word_1_50' title='bbox 1182 899 1284 965; x_wconf 86' lang='lat' dir='ltr'><strong>addidi</strong></span> 
     </span>
     <span class='ocr_line' id='line_1_7' title="bbox 184 1012 552 1097; baseline -0.011 -20"><span class='ocrx_word' id='word_1_51' title='bbox 184 1036 282 1097; x_wconf 88' lang='lat' dir='ltr'><strong>supra</strong></span> <span class='ocrx_word' id='word_1_52' title='bbox 306 1013 365 1076; x_wconf 87' lang='lat' dir='ltr'><strong>sub</strong></span> <span class='ocrx_word' id='word_1_53' title='bbox 389 1012 552 1092; x_wconf 63' lang='grc' dir='ltr'><strong>ΙΔεκίων.</strong></span> 
     </span>
    </p>

    <p class='ocr_par' dir='ltr' id='par_1_4' title="bbox 138 1113 1289 1398">
     <span class='ocr_line' id='line_1_8' title="bbox 138 1113 1287 1202; baseline -0.007 -16"><span class='ocrx_word' id='word_1_54' title='bbox 138 1120 379 1199; x_wconf 78' lang='grc' dir='ltr'>*Ἐργάειλοε</span> <span class='ocrx_word' id='word_1_55' title='bbox 406 1118 627 1202; x_wconf 81' lang='lat' dir='ltr'><strong>Ergasilus:</strong></span> <span class='ocrx_word' id='word_1_56' title='bbox 658 1117 821 1200; x_wconf 75' lang='lat' dir='ltr'><strong>parasitus</strong></span> <span class='ocrx_word' id='word_1_57' title='bbox 850 1115 1071 1200; x_wconf 80' lang='lat' dir='ltr'><strong>Captivorum.</strong></span> <span class='ocrx_word' id='word_1_58' title='bbox 1122 1113 1200 1179; x_wconf 91' lang='lat' dir='ltr'><strong>Non</strong></span> <span class='ocrx_word' id='word_1_59' title='bbox 1228 1116 1287 1179; x_wconf 81' lang='lat' dir='ltr'><strong>Er-</strong></span> 
     </span>
     <span class='ocr_line' id='line_1_9' title="bbox 180 1221 1289 1310; baseline -0.005 -19"><span class='ocrx_word' id='word_1_60' title='bbox 180 1228 330 1310; x_wconf 65' lang='lat' dir='ltr'><strong>paurum,</strong></span> <span class='ocrx_word' id='word_1_61' title='bbox 353 1224 438 1310; x_wconf 91' lang='lat' dir='ltr'><strong>quod</strong></span> <span class='ocrx_word' id='word_1_62' title='bbox 463 1224 577 1305; x_wconf 88' lang='lat' dir='ltr'><strong>scium,</strong></span> <span class='ocrx_word' id='word_1_63' title='bbox 601 1221 655 1285; x_wconf 90' lang='lat' dir='ltr'><strong>scd</strong></span> <span class='ocrx_word' id='word_1_64' title='bbox 679 1221 906 1304; x_wconf 76' lang='lat' dir='ltr'><strong>*Erpasimnm</strong></span> <span class='ocrx_word' id='word_1_65' title='bbox 929 1226 1048 1287; x_wconf 93' lang='lat' dir='ltr'><strong>norunt</strong></span> <span class='ocrx_word' id='word_1_66' title='bbox 1071 1222 1162 1287; x_wconf 89' lang='lat' dir='ltr'><strong>tituli</strong></span> <span class='ocrx_word' id='word_1_67' title='bbox 1187 1223 1289 1305; x_wconf 87' lang='lat' dir='ltr'><strong>latini,</strong></span> 
     </span>
     <span class='ocr_line' id='line_1_10' title="bbox 185 1330 611 1398; baseline -0.012 0"><span class='ocrx_word' id='word_1_68' title='bbox 185 1339 221 1398; x_wconf 91' lang='lat' dir='ltr'><strong>ut</strong></span> <span class='ocrx_word' id='word_1_69' title='bbox 242 1334 267 1398; x_wconf 94' lang='grc' dir='ltr'><strong>Ι.</strong></span> <span class='ocrx_word' id='word_1_70' title='bbox 292 1331 329 1396; x_wconf 94' lang='lat' dir='ltr'><strong>R.</strong></span> <span class='ocrx_word' id='word_1_71' title='bbox 352 1330 392 1396; x_wconf 89' lang='lat' dir='ltr'><strong>N.</strong></span> <span class='ocrx_word' id='word_1_72' title='bbox 419 1330 492 1395; x_wconf 82' lang='grc'><strong>752.</strong></span> <span class='ocrx_word' id='word_1_73' title='bbox 518 1330 611 1394; x_wconf 87' lang='grc'><strong>1756.</strong></span> 
     </span>
    </p>

    <p class='ocr_par' dir='ltr' id='par_1_5' title="bbox 137 1434 1289 1630">
     <span class='ocr_line' id='line_1_11' title="bbox 137 1434 1289 1520; baseline -0.005 -14"><span class='ocrx_word' id='word_1_74' title='bbox 137 1440 299 1520; x_wconf 79' lang='grc' dir='ltr'>Ἕρμίων</span> <span class='ocrx_word' id='word_1_75' title='bbox 322 1438 493 1503; x_wconf 89' lang='lat' dir='ltr'><strong>Hermio:</strong></span> <span class='ocrx_word' id='word_1_76' title='bbox 522 1459 634 1501; x_wconf 91' lang='lat' dir='ltr'><strong>servus</strong></span> <span class='ocrx_word' id='word_1_77' title='bbox 658 1435 829 1500; x_wconf 88' lang='lat' dir='ltr'><strong>Plautinus</strong></span> <span class='ocrx_word' id='word_1_78' title='bbox 859 1434 942 1517; x_wconf 88' lang='lat' dir='ltr'><strong>apud</strong></span> <span class='ocrx_word' id='word_1_79' title='bbox 967 1434 1099 1499; x_wconf 79' lang='lat' dir='ltr'><strong>Festum</strong></span> <span class='ocrx_word' id='word_1_80' title='bbox 1124 1434 1289 1520; x_wconf 84' lang='lat' dir='ltr'><strong>epitomae</strong></span> 
     </span>
     <span class='ocr_line' id='line_1_12' title="bbox 184 1541 836 1630; baseline -0.006 -20"><span class='ocrx_word' id='word_1_81' title='bbox 184 1570 214 1630; x_wconf 91' lang='lat' dir='ltr'><strong>p.</strong></span> <span class='ocrx_word' id='word_1_82' title='bbox 239 1547 292 1628; x_wconf 78' lang='lat'><strong>62,</strong></span> <span class='ocrx_word' id='word_1_83' title='bbox 314 1546 345 1609; x_wconf 82' lang='lat'><strong>4.</strong></span> <span class='ocrx_word' id='word_1_84' title='bbox 391 1543 488 1608; x_wconf 83' lang='lat' dir='ltr'><strong>Redit</strong></span> <span class='ocrx_word' id='word_1_85' title='bbox 511 1544 544 1607; x_wconf 91' lang='lat' dir='ltr'><strong>in</strong></span> <span class='ocrx_word' id='word_1_86' title='bbox 567 1543 591 1609; x_wconf 89' lang='lat'><strong>1.</strong></span> <span class='ocrx_word' id='word_1_87' title='bbox 615 1543 652 1607; x_wconf 88' lang='lat' dir='ltr'><strong>R.</strong></span> <span class='ocrx_word' id='word_1_88' title='bbox 675 1541 716 1606; x_wconf 92' lang='lat' dir='ltr'><strong>N.</strong></span> <span class='ocrx_word' id='word_1_89' title='bbox 740 1541 836 1606; x_wconf 77' lang='lat'><strong>4262.</strong></span> 
     </span>
    </p>

    <p class='ocr_par' dir='ltr' id='par_1_6' title="bbox 140 1648 1297 1948">
     <span class='ocr_line' id='line_1_13' title="bbox 140 1648 1294 1736; baseline -0.003 -18"><span class='ocrx_word' id='word_1_90' title='bbox 140 1653 321 1731; x_wconf 83' lang='grc' dir='ltr'>Ἐρώτιον</span> <span class='ocrx_word' id='word_1_91' title='bbox 340 1651 533 1715; x_wconf 84' lang='lat' dir='ltr'><strong>Erotium:</strong></span> <span class='ocrx_word' id='word_1_92' title='bbox 557 1650 708 1714; x_wconf 86' lang='lat' dir='ltr'><strong>meretrix</strong></span> <span class='ocrx_word' id='word_1_93' title='bbox 727 1648 1025 1736; x_wconf 82' lang='lat' dir='ltr'><strong>Menaechmorum3</strong></span> <span class='ocrx_word' id='word_1_94' title='bbox 1046 1689 1087 1694; x_wconf 84' lang='lat'>—</span> <span class='ocrx_word' id='word_1_95' title='bbox 1108 1651 1189 1714; x_wconf 90' lang='lat' dir='ltr'><strong>item</strong></span> <span class='ocrx_word' id='word_1_96' title='bbox 1209 1651 1294 1734; x_wconf 86' lang='lat' dir='ltr'><strong>apud</strong></span> 
     </span>
     <span class='ocr_line' id='line_1_14' title="bbox 184 1745 1251 1842; baseline -0.001 -20"><span class='ocrx_word' id='word_1_97' title='bbox 184 1757 366 1842; x_wconf 80' lang='lat' dir='ltr'><strong>Turpilium</strong></span> <span class='ocrx_word' id='word_1_98' title='bbox 390 1781 419 1821; x_wconf 93' lang='lat' dir='ltr'><strong>v.</strong></span> <span class='ocrx_word' id='word_1_99' title='bbox 445 1759 506 1822; x_wconf 86' lang='grc'><strong>187</strong></span> <span class='ocrx_word' id='word_1_100' title='bbox 527 1757 564 1822; x_wconf 92' lang='lat' dir='ltr'><strong>R.</strong></span> <span class='ocrx_word' id='word_1_101' title='bbox 609 1755 701 1820; x_wconf 84' lang='lat' dir='ltr'><strong>Adde</strong></span> <span class='ocrx_word' id='word_1_102' title='bbox 724 1757 839 1821; x_wconf 87' lang='lat' dir='ltr'><strong>titulos</strong></span> <span class='ocrx_word' id='word_1_103' title='bbox 863 1757 993 1821; x_wconf 85' lang='lat' dir='ltr'><strong>latinos.</strong></span> <span class='ocrx_word' id='word_1_104' title='bbox 1031 1745 1087 1821; x_wconf 69' lang='lat' dir='ltr'><strong>&#39;Gt</strong></span> <span class='ocrx_word' id='word_1_105' title='bbox 1112 1757 1251 1834; x_wconf 86' lang='grc' dir='ltr'>Ἐρωτί(.</span> 
     </span>
     <span class='ocr_line' id='line_1_15' title="bbox 141 1860 1297 1948; baseline -0.003 -18"><span class='ocrx_word' id='word_1_106' title='bbox 141 1866 349 1931; x_wconf 78' lang='grc' dir='ltr'>Εὐθύνικοε</span> <span class='ocrx_word' id='word_1_107' title='bbox 373 1863 619 1948; x_wconf 86' lang='lat' dir='ltr'><strong>Euthynicus</strong></span> <span class='ocrx_word' id='word_1_108' title='bbox 643 1860 891 1948; x_wconf 66' lang='lat' dir='ltr'><strong>(Evrvxrcvsp</strong></span> <span class='ocrx_word' id='word_1_109' title='bbox 920 1862 1125 1946; x_wconf 81' lang='lat' dir='ltr'><strong>adulescens,</strong></span> <span class='ocrx_word' id='word_1_110' title='bbox 1154 1862 1297 1927; x_wconf 79' lang='lat' dir='ltr'><strong>Oasinae</strong></span> 
     </span>
    </p>

    <p class='ocr_par' dir='ltr' id='par_1_7' title="bbox 185 1971 802 2057">
     <span class='ocr_line' id='line_1_16' title="bbox 185 1971 802 2057; baseline -0.006 -21"><span class='ocrx_word' id='word_1_111' title='bbox 185 1973 295 2057; x_wconf 79' lang='lat' dir='ltr'><strong>gregis</strong></span> <span class='ocrx_word' id='word_1_112' title='bbox 320 1996 348 2038; x_wconf 92' lang='lat' dir='ltr'><strong>v.</strong></span> <span class='ocrx_word' id='word_1_113' title='bbox 372 1974 401 2036; x_wconf 85' lang='lat'><strong>3.</strong></span> <span class='ocrx_word' id='word_1_114' title='bbox 449 1971 546 2052; x_wconf 87' lang='lat' dir='ltr'><strong>[Vide</strong></span> <span class='ocrx_word' id='word_1_115' title='bbox 570 1971 802 2051; x_wconf 82' lang='lat' dir='ltr'><strong>Bensclerum.]</strong></span> 
     </span>
    </p>

    <p class='ocr_par' dir='ltr' id='par_1_8' title="bbox 141 2075 1300 2355">
     <span class='ocr_line' id='line_1_17' title="bbox 141 2075 1297 2158; baseline -0.003 -14"><span class='ocrx_word' id='word_1_116' title='bbox 141 2080 316 2144; x_wconf 86' lang='grc' dir='ltr'>Εὐκλέων</span> <span class='ocrx_word' id='word_1_117' title='bbox 344 2078 495 2142; x_wconf 85' lang='lat' dir='ltr'><strong>Euclio:</strong></span> <span class='ocrx_word' id='word_1_118' title='bbox 525 2099 620 2141; x_wconf 84' lang='lat' dir='ltr'><strong>senex</strong></span> <span class='ocrx_word' id='word_1_119' title='bbox 645 2075 844 2140; x_wconf 83' lang='lat' dir='ltr'><strong>Aululariae.</strong></span> <span class='ocrx_word' id='word_1_120' title='bbox 869 2113 909 2122; x_wconf 92' lang='lat'><strong>—-</strong></span> <span class='ocrx_word' id='word_1_121' title='bbox 936 2076 1032 2157; x_wconf 81' lang='lat' dir='ltr'><strong>[Vide</strong></span> <span class='ocrx_word' id='word_1_122' title='bbox 1056 2077 1297 2158; x_wconf 85' lang='lat' dir='ltr'><strong>Benselerum.]</strong></span> 
     </span>
     <span class='ocr_line' id='line_1_18' title="bbox 186 2182 1300 2249; baseline -0.002 -1"><span class='ocrx_word' id='word_1_123' title='bbox 186 2183 234 2248; x_wconf 78' lang='lat' dir='ltr'><strong>Cf.</strong></span> <span class='ocrx_word' id='word_1_124' title='bbox 263 2186 383 2249; x_wconf 82' lang='grc' dir='ltr'>Εὐκλέα</span> <span class='ocrx_word' id='word_1_125' title='bbox 416 2188 447 2247; x_wconf 90' lang='lat' dir='ltr'><strong>et</strong></span> <span class='ocrx_word' id='word_1_126' title='bbox 480 2182 648 2248; x_wconf 87' lang='lat' dir='ltr'><strong>consimile</strong></span> <span class='ocrx_word' id='word_1_127' title='bbox 681 2183 714 2245; x_wconf 89' lang='lat' dir='ltr'><strong>in</strong></span> <span class='ocrx_word' id='word_1_128' title='bbox 748 2182 853 2246; x_wconf 88' lang='lat' dir='ltr'><strong>titulis</strong></span> <span class='ocrx_word' id='word_1_129' title='bbox 887 2182 999 2247; x_wconf 88' lang='lat' dir='ltr'><strong>latinis</strong></span> <span class='ocrx_word' id='word_1_130' title='bbox 1031 2203 1150 2248; x_wconf 90' lang='lat' dir='ltr'><strong>nomen</strong></span> <span class='ocrx_word' id='word_1_131' title='bbox 1179 2183 1300 2247; x_wconf 74' lang='lat' dir='ltr'><strong>Euclio</strong></span> 
     </span>
     <span class='ocr_line' id='line_1_19' title="bbox 185 2289 454 2355; baseline 0.007 -2"><span class='ocrx_word' id='word_1_132' title='bbox 185 2291 210 2355; x_wconf 93' lang='grc' dir='ltr'><strong>Ι.</strong></span> <span class='ocrx_word' id='word_1_133' title='bbox 234 2291 270 2355; x_wconf 90' lang='lat' dir='ltr'><strong>R.</strong></span> <span class='ocrx_word' id='word_1_134' title='bbox 294 2289 333 2355; x_wconf 92' lang='lat' dir='ltr'><strong>N.</strong></span> <span class='ocrx_word' id='word_1_135' title='bbox 357 2291 454 2355; x_wconf 88' lang='grc'><strong>5833.</strong></span> 
     </span>
    </p>

    <p class='ocr_par' dir='ltr' id='par_1_9' title="bbox 145 2395 1301 2476">
     <span class='ocr_line' id='line_1_20' title="bbox 145 2395 1301 2476; baseline 0.002 -15"><span class='ocrx_word' id='word_1_136' title='bbox 145 2397 311 2476; x_wconf 82' lang='grc' dir='ltr'>Εὐνομία</span> <span class='ocrx_word' id='word_1_137' title='bbox 334 2396 536 2460; x_wconf 78' lang='lat' dir='ltr'><strong>Eunomia:</strong></span> <span class='ocrx_word' id='word_1_138' title='bbox 560 2395 675 2459; x_wconf 90' lang='lat' dir='ltr'><strong>mulier</strong></span> <span class='ocrx_word' id='word_1_139' title='bbox 695 2395 893 2460; x_wconf 83' lang='lat' dir='ltr'><strong>Aululariae.</strong></span> <span class='ocrx_word' id='word_1_140' title='bbox 928 2396 1024 2460; x_wconf 88' lang='lat' dir='ltr'><strong>Redit</strong></span> <span class='ocrx_word' id='word_1_141' title='bbox 1044 2397 1068 2463; x_wconf 92' lang='grc' dir='ltr'><strong>Ι.</strong></span> <span class='ocrx_word' id='word_1_142' title='bbox 1082 2397 1121 2460; x_wconf 89' lang='lat' dir='ltr'><strong>R.</strong></span> <span class='ocrx_word' id='word_1_143' title='bbox 1136 2395 1177 2461; x_wconf 90' lang='lat' dir='ltr'><strong>N.</strong></span> <span class='ocrx_word' id='word_1_144' title='bbox 1198 2398 1301 2464; x_wconf 80' lang='lat'><strong>5258.</strong></span> 
     </span>
    </p>

    <p class='ocr_par' dir='ltr' id='par_1_10' title="bbox 142 2499 1300 3529">
     <span class='ocr_line' id='line_1_21' title="bbox 142 2499 1300 2587; baseline 0.001 -20"><span class='ocrx_word' id='word_1_145' title='bbox 142 2504 309 2582; x_wconf 67' lang='grc' dir='ltr'>Εὔτυχος</span> <span class='ocrx_word' id='word_1_146' title='bbox 338 2501 541 2586; x_wconf 78' lang='lat' dir='ltr'><strong>Eutychus</strong></span> <span class='ocrx_word' id='word_1_147' title='bbox 571 2499 782 2586; x_wconf 74' lang='lat' dir='ltr'><strong>(Evrvcvs):</strong></span> <span class='ocrx_word' id='word_1_148' title='bbox 811 2501 997 2567; x_wconf 83' lang='lat' dir='ltr'><strong>adulescens</strong></span> <span class='ocrx_word' id='word_1_149' title='bbox 1020 2501 1230 2587; x_wconf 84' lang='lat' dir='ltr'><strong>Mercatoris3</strong></span> <span class='ocrx_word' id='word_1_150' title='bbox 1255 2541 1300 2551; x_wconf 92' lang='lat'><em>-</em></span> 
     </span>
     <span class='ocr_line' id='line_1_22' title="bbox 188 2607 1298 2694; baseline 0.003 -21"><span class='ocrx_word' id='word_1_151' title='bbox 188 2611 265 2674; x_wconf 92' lang='lat' dir='ltr'><strong>item</strong></span> <span class='ocrx_word' id='word_1_152' title='bbox 297 2611 382 2694; x_wconf 90' lang='lat' dir='ltr'><strong>apud</strong></span> <span class='ocrx_word' id='word_1_153' title='bbox 412 2608 588 2674; x_wconf 76' lang='lat' dir='ltr'><strong>Caecilium</strong></span> <span class='ocrx_word' id='word_1_154' title='bbox 621 2611 704 2671; x_wconf 86' lang='lat' dir='ltr'><strong>teste</strong></span> <span class='ocrx_word' id='word_1_155' title='bbox 733 2607 888 2672; x_wconf 77' lang='lat' dir='ltr'><strong>(ticerone</strong></span> <span class='ocrx_word' id='word_1_156' title='bbox 922 2632 965 2672; x_wconf 90' lang='lat' dir='ltr'><strong>or.</strong></span> <span class='ocrx_word' id='word_1_157' title='bbox 995 2632 1052 2691; x_wconf 93' lang='lat' dir='ltr'><strong>pro</strong></span> <span class='ocrx_word' id='word_1_158' title='bbox 1077 2609 1198 2675; x_wconf 90' lang='lat' dir='ltr'><strong>Roscio</strong></span> <span class='ocrx_word' id='word_1_159' title='bbox 1223 2613 1298 2676; x_wconf 83' lang='lat' dir='ltr'><strong>Am.</strong></span> 
     </span>
     <span class='ocr_line' id='line_1_23' title="bbox 190 2714 1296 2800; baseline 0.003 -20"><span class='ocrx_word' id='word_1_160' title='bbox 190 2719 239 2799; x_wconf 83' lang='lat'><strong>16,</strong></span> <span class='ocrx_word' id='word_1_161' title='bbox 262 2718 314 2799; x_wconf 82' lang='lat'><strong>46,</strong></span> <span class='ocrx_word' id='word_1_162' title='bbox 343 2716 428 2800; x_wconf 89' lang='lat' dir='ltr'><strong>quod</strong></span> <span class='ocrx_word' id='word_1_163' title='bbox 458 2714 679 2779; x_wconf 86' lang='lat' dir='ltr'><strong>testimonium</strong></span> <span class='ocrx_word' id='word_1_164' title='bbox 709 2718 815 2778; x_wconf 82' lang='lat' dir='ltr'><strong>exstat</strong></span> <span class='ocrx_word' id='word_1_165' title='bbox 843 2715 927 2798; x_wconf 88' lang='lat' dir='ltr'><strong>apud</strong></span> <span class='ocrx_word' id='word_1_166' title='bbox 956 2715 1171 2781; x_wconf 86' lang='lat' dir='ltr'><strong>Ribbeckium</strong></span> <span class='ocrx_word' id='word_1_167' title='bbox 1203 2718 1296 2783; x_wconf 76' lang='lat' dir='ltr'><strong>Gom.</strong></span> 
     </span>
     <span class='ocr_line' id='line_1_24' title="bbox 187 2821 1299 2910; baseline 0.004 -26"><span class='ocrx_word' id='word_1_168' title='bbox 187 2847 217 2906; x_wconf 88' lang='lat' dir='ltr'><strong>p.</strong></span> <span class='ocrx_word' id='word_1_169' title='bbox 237 2825 289 2887; x_wconf 81' lang='grc'><strong>47.</strong></span> <span class='ocrx_word' id='word_1_170' title='bbox 328 2823 376 2886; x_wconf 63' lang='lat' dir='ltr'><strong>(lt.</strong></span> <span class='ocrx_word' id='word_1_171' title='bbox 400 2823 562 2906; x_wconf 83' lang='lat' dir='ltr'><strong>Parergon</strong></span> <span class='ocrx_word' id='word_1_172' title='bbox 589 2821 690 2885; x_wconf 79' lang='lat' dir='ltr'><strong>t&#39;laut.</strong></span> <span class='ocrx_word' id='word_1_173' title='bbox 714 2822 728 2886; x_wconf 92' lang='lat' dir='ltr'><strong>l</strong></span> <span class='ocrx_word' id='word_1_174' title='bbox 753 2846 782 2904; x_wconf 91' lang='lat' dir='ltr'><strong>p.</strong></span> <span class='ocrx_word' id='word_1_175' title='bbox 802 2823 871 2886; x_wconf 87' lang='grc'><strong>135.</strong></span> <span class='ocrx_word' id='word_1_176' title='bbox 908 2821 983 2885; x_wconf 88' lang='lat' dir='ltr'><strong>Non</strong></span> <span class='ocrx_word' id='word_1_177' title='bbox 1008 2824 1115 2887; x_wconf 89' lang='lat' dir='ltr'><strong>miuus</strong></span> <span class='ocrx_word' id='word_1_178' title='bbox 1140 2824 1299 2910; x_wconf 83' lang='lat' dir='ltr'><strong>frequens</strong></span> 
     </span>
     <span class='ocr_line' id='line_1_25' title="bbox 187 2928 1299 3016; baseline 0.004 -24"><span class='ocrx_word' id='word_1_179' title='bbox 187 2928 326 2992; x_wconf 91' lang='lat' dir='ltr'><strong>nominis</strong></span> <span class='ocrx_word' id='word_1_180' title='bbox 358 2929 437 2992; x_wconf 86' lang='lat' dir='ltr'><strong>haec</strong></span> <span class='ocrx_word' id='word_1_181' title='bbox 469 2929 573 2992; x_wconf 83' lang='lat' dir='ltr'><strong>forma</strong></span> <span class='ocrx_word' id='word_1_182' title='bbox 603 2952 699 3011; x_wconf 84' lang='lat' dir='ltr'><strong>quarn</strong></span> <span class='ocrx_word' id='word_1_183' title='bbox 731 2930 870 3007; x_wconf 77' lang='grc' dir='ltr'>Εὐτύχη(</span> <span class='ocrx_word' id='word_1_184' title='bbox 900 2928 1066 3011; x_wconf 77' lang='lat' dir='ltr'><strong>Entpclrav,</strong></span> <span class='ocrx_word' id='word_1_185' title='bbox 1100 2953 1173 2994; x_wconf 89' lang='lat' dir='ltr'><strong>cum</strong></span> <span class='ocrx_word' id='word_1_186' title='bbox 1210 2932 1299 3016; x_wconf 89' lang='lat' dir='ltr'><strong>apud</strong></span> 
     </span>
     <span class='ocr_line' id='line_1_26' title="bbox 188 3035 1297 3118; baseline 0.006 -22"><span class='ocrx_word' id='word_1_187' title='bbox 188 3036 330 3098; x_wconf 77' lang='lat' dir='ltr'><strong>Graecos</strong></span> <span class='ocrx_word' id='word_1_188' title='bbox 358 3037 427 3097; x_wconf 90' lang='lat' dir='ltr'><strong>tum</strong></span> <span class='ocrx_word' id='word_1_189' title='bbox 452 3035 484 3096; x_wconf 89' lang='lat' dir='ltr'><strong>in</strong></span> <span class='ocrx_word' id='word_1_190' title='bbox 509 3035 616 3097; x_wconf 88' lang='lat' dir='ltr'><strong>titulis</strong></span> <span class='ocrx_word' id='word_1_191' title='bbox 640 3035 761 3099; x_wconf 88' lang='lat' dir='ltr'><strong>latinis.</strong></span> <span class='ocrx_word' id='word_1_192' title='bbox 812 3035 950 3118; x_wconf 73' lang='lat' dir='ltr'><strong>Eutyche</strong></span> <span class='ocrx_word' id='word_1_193' title='bbox 973 3037 1138 3100; x_wconf 86' lang='lat' dir='ltr'><strong>vocativus</strong></span> <span class='ocrx_word' id='word_1_194' title='bbox 1163 3039 1297 3103; x_wconf 84' lang='lat' dir='ltr'><strong>sexiens</strong></span> 
     </span>
     <span class='ocr_line' id='line_1_27' title="bbox 188 3140 1300 3228; baseline 0.005 -24"><span class='ocrx_word' id='word_1_195' title='bbox 188 3143 312 3206; x_wconf 89' lang='lat' dir='ltr'><strong>rediens</strong></span> <span class='ocrx_word' id='word_1_196' title='bbox 344 3140 378 3203; x_wconf 91' lang='lat' dir='ltr'><strong>in</strong></span> <span class='ocrx_word' id='word_1_197' title='bbox 406 3141 586 3205; x_wconf 86' lang='lat' dir='ltr'><strong>Mercatore</strong></span> <span class='ocrx_word' id='word_1_198' title='bbox 616 3165 671 3205; x_wconf 91' lang='lat' dir='ltr'><strong>cur</strong></span> <span class='ocrx_word' id='word_1_199' title='bbox 700 3165 739 3205; x_wconf 91' lang='lat' dir='ltr'><strong>ne</strong></span> <span class='ocrx_word' id='word_1_200' title='bbox 772 3144 878 3225; x_wconf 84' lang='lat' dir='ltr'><strong>possit</strong></span> <span class='ocrx_word' id='word_1_201' title='bbox 912 3142 1043 3226; x_wconf 85' lang='lat' dir='ltr'><strong>quidem</strong></span> <span class='ocrx_word' id='word_1_202' title='bbox 1071 3143 1111 3206; x_wconf 91' lang='lat' dir='ltr'><strong>ad</strong></span> <span class='ocrx_word' id='word_1_203' title='bbox 1139 3144 1300 3228; x_wconf 67' lang='lat' dir='ltr'><strong>Eutyches</strong></span> 
     </span>
     <span class='ocr_line' id='line_1_28' title="bbox 189 3248 1298 3338; baseline 0.004 -25"><span class='ocrx_word' id='word_1_204' title='bbox 189 3249 424 3314; x_wconf 85' lang='lat' dir='ltr'><strong>nominativum</strong></span> <span class='ocrx_word' id='word_1_205' title='bbox 449 3248 570 3330; x_wconf 85' lang='lat' dir='ltr'><strong>referri,</strong></span> <span class='ocrx_word' id='word_1_206' title='bbox 594 3249 659 3312; x_wconf 88' lang='lat' dir='ltr'><strong>dixi</strong></span> <span class='ocrx_word' id='word_1_207' title='bbox 683 3248 808 3334; x_wconf 86' lang='lat' dir='ltr'><strong>Proleg.</strong></span> <span class='ocrx_word' id='word_1_208' title='bbox 823 3251 927 3315; x_wconf 85' lang='lat' dir='ltr'><strong>l&#39;laut.</strong></span> <span class='ocrx_word' id='word_1_209' title='bbox 947 3273 976 3332; x_wconf 92' lang='lat' dir='ltr'><strong>p.</strong></span> <span class='ocrx_word' id='word_1_210' title='bbox 992 3268 1171 3315; x_wconf 78' lang='lat' dir='ltr'><strong>nxxxvrn:</strong></span> <span class='ocrx_word' id='word_1_211' title='bbox 1197 3257 1298 3338; x_wconf 78' lang='lat' dir='ltr'><strong>atque</strong></span> 
     </span>
     <span class='ocr_line' id='line_1_29' title="bbox 189 3354 1298 3443; baseline 0.004 -23"><span class='ocrx_word' id='word_1_212' title='bbox 189 3359 296 3441; x_wconf 88' lang='lat' dir='ltr'><strong>ipsum</strong></span> <span class='ocrx_word' id='word_1_213' title='bbox 314 3357 475 3440; x_wconf 72' lang='lat' dir='ltr'><strong>Eutychus</strong></span> <span class='ocrx_word' id='word_1_214' title='bbox 497 3356 597 3421; x_wconf 86' lang='lat' dir='ltr'><strong>habes</strong></span> <span class='ocrx_word' id='word_1_215' title='bbox 618 3355 674 3439; x_wconf 89' lang='lat' dir='ltr'><strong>Ill,</strong></span> <span class='ocrx_word' id='word_1_216' title='bbox 697 3357 728 3438; x_wconf 79' lang='lat'><strong>4,</strong></span> <span class='ocrx_word' id='word_1_217' title='bbox 752 3358 771 3419; x_wconf 83' lang='lat'>8</span> <span class='ocrx_word' id='word_1_218' title='bbox 797 3354 890 3442; x_wconf 79' lang='grc'><strong>(535)</strong></span> <span class='ocrx_word' id='word_1_219' title='bbox 914 3360 1043 3438; x_wconf 87' lang='lat' dir='ltr'><strong>praeter</strong></span> <span class='ocrx_word' id='word_1_220' title='bbox 1064 3357 1298 3443; x_wconf 83' lang='lat' dir='ltr'><strong>inscriptiones</strong></span> 
     </span>
     <span class='ocr_line' id='line_1_30' title="bbox 191 3487 389 3529; baseline -0.005 -1"><span class='ocrx_word' id='word_1_221' title='bbox 191 3487 389 3529; x_wconf 89' lang='lat' dir='ltr'><strong>scaenarum.</strong></span> 
     </span>
    </p>
   </div>
   <div class='ocr_carea' id='block_1_3' title="bbox 145 3552 1296 4084">
    <p class='ocr_par' dir='ltr' id='par_1_11' title="bbox 145 3552 1067 3656">
     <span class='ocr_line' id='line_1_31' title="bbox 145 3552 1067 3656; baseline -0.002 -20"><span class='ocrx_word' id='word_1_222' title='bbox 145 3573 277 3647; x_wconf 82' lang='grc' dir='ltr'>Ἠγέα(</span> <span class='ocrx_word' id='word_1_223' title='bbox 300 3568 446 3652; x_wconf 78' lang='lat' dir='ltr'><strong>Hegea:</strong></span> <span class='ocrx_word' id='word_1_224' title='bbox 472 3552 618 3653; x_wconf 81' lang='lat' dir='ltr'><strong>saltator,</strong></span> <span class='ocrx_word' id='word_1_225' title='bbox 643 3570 758 3634; x_wconf 84' lang='lat' dir='ltr'><strong>Persae</strong></span> <span class='ocrx_word' id='word_1_226' title='bbox 784 3570 821 3654; x_wconf 90' lang='lat' dir='ltr'><strong>V,</strong></span> <span class='ocrx_word' id='word_1_227' title='bbox 845 3575 874 3653; x_wconf 76' lang='lat'><strong>2,</strong></span> <span class='ocrx_word' id='word_1_228' title='bbox 898 3571 941 3634; x_wconf 75' lang='lat'><strong>43</strong></span> <span class='ocrx_word' id='word_1_229' title='bbox 966 3569 1067 3656; x_wconf 75' lang='lat'><strong>(824).</strong></span> 
     </span>
    </p>

    <p class='ocr_par' dir='ltr' id='par_1_12' title="bbox 145 3675 1296 3865">
     <span class='ocr_line' id='line_1_32' title="bbox 145 3675 1296 3760; baseline 0.002 -18"><span class='ocrx_word' id='word_1_230' title='bbox 145 3679 281 3755; x_wconf 84' lang='grc' dir='ltr'>Ἠγίων</span> <span class='ocrx_word' id='word_1_231' title='bbox 305 3675 441 3757; x_wconf 80' lang='lat' dir='ltr'><strong>Hegio:</strong></span> <span class='ocrx_word' id='word_1_232' title='bbox 471 3697 566 3738; x_wconf 86' lang='lat' dir='ltr'><strong>senex</strong></span> <span class='ocrx_word' id='word_1_233' title='bbox 593 3677 817 3759; x_wconf 80' lang='lat' dir='ltr'><strong>Captivorum,</strong></span> <span class='ocrx_word' id='word_1_234' title='bbox 844 3677 1027 3760; x_wconf 79' lang='lat' dir='ltr'><strong>Adelphon3</strong></span> <span class='ocrx_word' id='word_1_235' title='bbox 1052 3717 1092 3725; x_wconf 98' lang='lat'>—</span> <span class='ocrx_word' id='word_1_236' title='bbox 1119 3680 1296 3746; x_wconf 84' lang='lat' dir='ltr'><strong>advocatus</strong></span> 
     </span>
     <span class='ocr_line' id='line_1_33' title="bbox 191 3781 1175 3865; baseline 0.001 -18"><span class='ocrx_word' id='word_1_237' title='bbox 191 3782 407 3848; x_wconf 83' lang='lat' dir='ltr'><strong>Phormionis.</strong></span> <span class='ocrx_word' id='word_1_238' title='bbox 453 3781 527 3845; x_wconf 91' lang='lat' dir='ltr'><strong>Non</strong></span> <span class='ocrx_word' id='word_1_239' title='bbox 551 3805 625 3845; x_wconf 87' lang='lat' dir='ltr'><strong>rara</strong></span> <span class='ocrx_word' id='word_1_240' title='bbox 649 3782 733 3865; x_wconf 86' lang='lat' dir='ltr'><strong>apud</strong></span> <span class='ocrx_word' id='word_1_241' title='bbox 759 3786 897 3847; x_wconf 74' lang='lat' dir='ltr'><strong>Graecos</strong></span> <span class='ocrx_word' id='word_1_242' title='bbox 920 3786 1035 3859; x_wconf 85' lang='grc' dir='ltr'>Ἁγίων</span> <span class='ocrx_word' id='word_1_243' title='bbox 1059 3787 1175 3850; x_wconf 86' lang='lat' dir='ltr'><strong>forma.</strong></span> 
     </span>
    </p>

    <p class='ocr_par' dir='ltr' id='par_1_13' title="bbox 146 3886 1296 4084">
     <span class='ocr_line' id='line_1_34' title="bbox 146 3886 1296 3976; baseline 0.002 -20"><span class='ocrx_word' id='word_1_244' title='bbox 146 3893 323 3957; x_wconf 79' lang='grc' dir='ltr'>Ἡδύλιον</span> <span class='ocrx_word' id='word_1_245' title='bbox 351 3889 555 3973; x_wconf 87' lang='lat' dir='ltr'><strong>Hedylium</strong></span> <span class='ocrx_word' id='word_1_246' title='bbox 584 3886 818 3976; x_wconf 75' lang='lat' dir='ltr'><strong>(Hnnv1.1vn):</strong></span> <span class='ocrx_word' id='word_1_247' title='bbox 848 3892 1012 3973; x_wconf 85' lang='lat' dir='ltr'><strong>meretrix,</strong></span> <span class='ocrx_word' id='word_1_248' title='bbox 1037 3891 1193 3962; x_wconf 51' lang='lat' dir='ltr'><strong>‚Pscntluli</strong></span> <span class='ocrx_word' id='word_1_249' title='bbox 1218 3893 1243 3975; x_wconf 93' lang='lat' dir='ltr'><strong>l,</strong></span> <span class='ocrx_word' id='word_1_250' title='bbox 1266 3897 1296 3975; x_wconf 78' lang='lat'><strong>2,</strong></span> 
     </span>
     <span class='ocr_line' id='line_1_35' title="bbox 191 3995 1294 4084; baseline 0.003 -23"><span class='ocrx_word' id='word_1_251' title='bbox 191 3999 234 4062; x_wconf 83' lang='grc'><strong>54</strong></span> <span class='ocrx_word' id='word_1_252' title='bbox 258 3997 365 4082; x_wconf 80' lang='lat'>(188);</span> <span class='ocrx_word' id='word_1_253' title='bbox 457 3999 535 4062; x_wconf 89' lang='lat' dir='ltr'><strong>item</strong></span> <span class='ocrx_word' id='word_1_254' title='bbox 559 3995 748 4062; x_wconf 79' lang='lat' dir='ltr'><strong>Corniculae</strong></span> <span class='ocrx_word' id='word_1_255' title='bbox 773 4021 866 4062; x_wconf 88' lang='lat' dir='ltr'><strong>versu</strong></span> <span class='ocrx_word' id='word_1_256' title='bbox 891 3998 974 4083; x_wconf 88' lang='lat' dir='ltr'><strong>apud</strong></span> <span class='ocrx_word' id='word_1_257' title='bbox 998 3998 1141 4063; x_wconf 89' lang='lat' dir='ltr'><strong>Nonium</strong></span> <span class='ocrx_word' id='word_1_258' title='bbox 1167 4023 1196 4084; x_wconf 87' lang='lat' dir='ltr'><strong>p.</strong></span> <span class='ocrx_word' id='word_1_259' title='bbox 1225 4001 1294 4064; x_wconf 71' lang='grc'><strong>147.</strong></span> 
     </span>
    </p>
   </div>
   <div class='ocr_carea' id='block_1_4' title="bbox 148 4105 1296 4407">
    <p class='ocr_par' dir='ltr' id='par_1_14' title="bbox 148 4105 1296 4407">
     <span class='ocr_line' id='line_1_36' title="bbox 192 4105 549 4182; baseline -0.006 -14"><span class='ocrx_word' id='word_1_260' title='bbox 192 4105 239 4168; x_wconf 78' lang='lat' dir='ltr'><strong>Ul.</strong></span> <span class='ocrx_word' id='word_1_261' title='bbox 264 4105 399 4169; x_wconf 71' lang='lat' dir='ltr'><strong>‘novior</strong></span> <span class='ocrx_word' id='word_1_262' title='bbox 422 4105 549 4182; x_wconf 80' lang='grc' dir='ltr'>Ἡδύλη.</span> 
     </span>
     <span class='ocr_line' id='line_1_37' title="bbox 148 4209 1296 4299; baseline 0.003 -23"><span class='ocrx_word' id='word_1_263' title='bbox 148 4214 239 4276; x_wconf 75' lang='lat' dir='ltr'><strong>ean</strong></span> <span class='ocrx_word' id='word_1_264' title='bbox 268 4210 386 4274; x_wconf 83' lang='lat' dir='ltr'><strong>Thais</strong></span> <span class='ocrx_word' id='word_1_265' title='bbox 411 4209 536 4296; x_wconf 78' lang='lat' dir='ltr'><strong>(Tn1s):</strong></span> <span class='ocrx_word' id='word_1_266' title='bbox 569 4214 718 4277; x_wconf 90' lang='lat' dir='ltr'><strong>meretrix</strong></span> <span class='ocrx_word' id='word_1_267' title='bbox 742 4211 904 4296; x_wconf 81' lang='lat' dir='ltr'><strong>Eunuchi3</strong></span> <span class='ocrx_word' id='word_1_268' title='bbox 931 4251 967 4260; x_wconf 92' lang='lat'><strong>—</strong></span> <span class='ocrx_word' id='word_1_269' title='bbox 1000 4214 1080 4278; x_wconf 86' lang='lat' dir='ltr'><strong>item</strong></span> <span class='ocrx_word' id='word_1_270' title='bbox 1104 4215 1190 4299; x_wconf 90' lang='lat' dir='ltr'><strong>apud</strong></span> <span class='ocrx_word' id='word_1_271' title='bbox 1215 4214 1296 4280; x_wconf 85' lang='lat' dir='ltr'><strong>Tur·</strong></span> 
     </span>
     <span class='ocr_line' id='line_1_38' title="bbox 192 4316 1296 4407; baseline 0.007 -27"><span class='ocrx_word' id='word_1_272' title='bbox 192 4317 307 4402; x_wconf 90' lang='lat' dir='ltr'><strong>pilium</strong></span> <span class='ocrx_word' id='word_1_273' title='bbox 336 4339 364 4381; x_wconf 87' lang='lat' dir='ltr'><strong>v.</strong></span> <span class='ocrx_word' id='word_1_274' title='bbox 395 4317 455 4381; x_wconf 87' lang='grc'><strong>187</strong></span> <span class='ocrx_word' id='word_1_275' title='bbox 472 4316 513 4399; x_wconf 69' lang='lat' dir='ltr'><strong>R,</strong></span> <span class='ocrx_word' id='word_1_276' title='bbox 538 4355 578 4362; x_wconf 90' lang='lat'><strong>—</strong></span> <span class='ocrx_word' id='word_1_277' title='bbox 603 4319 682 4382; x_wconf 88' lang='lat' dir='ltr'><strong>item</strong></span> <span class='ocrx_word' id='word_1_278' title='bbox 711 4318 824 4384; x_wconf 87' lang='lat' dir='ltr'><strong>fabula</strong></span> <span class='ocrx_word' id='word_1_279' title='bbox 851 4319 995 4386; x_wconf 83' lang='lat' dir='ltr'><strong>Afranii:</strong></span> <span class='ocrx_word' id='word_1_280' title='bbox 1024 4322 1063 4387; x_wconf 88' lang='lat' dir='ltr'><strong>ef.</strong></span> <span class='ocrx_word' id='word_1_281' title='bbox 1090 4320 1296 4407; x_wconf 84' lang='lat' dir='ltr'><strong>Parergonl</strong></span> 
     </span>
    </p>
   </div>
   <div class='ocr_carea' id='block_1_5' title="bbox 193 4422 1119 4510">
    <p class='ocr_par' dir='ltr' id='par_1_15' title="bbox 193 4422 1119 4510">
     <span class='ocr_line' id='line_1_39' title="bbox 193 4422 1119 4510; baseline 0.009 -23"><span class='ocrx_word' id='word_1_282' title='bbox 193 4448 222 4510; x_wconf 92' lang='lat' dir='ltr'><strong>p.</strong></span> <span class='ocrx_word' id='word_1_283' title='bbox 249 4426 321 4492; x_wconf 74' lang='lat'><strong>142.</strong></span> <span class='ocrx_word' id='word_1_284' title='bbox 365 4422 440 4488; x_wconf 89' lang='lat' dir='ltr'><strong>Non</strong></span> <span class='ocrx_word' id='word_1_285' title='bbox 464 4423 649 4510; x_wconf 85' lang='lat' dir='ltr'><strong>infrequens</strong></span> <span class='ocrx_word' id='word_1_286' title='bbox 672 4425 706 4492; x_wconf 91' lang='lat' dir='ltr'><strong>in</strong></span> <span class='ocrx_word' id='word_1_287' title='bbox 728 4425 834 4492; x_wconf 89' lang='lat' dir='ltr'><strong>titulis</strong></span> <span class='ocrx_word' id='word_1_288' title='bbox 856 4427 968 4494; x_wconf 86' lang='lat' dir='ltr'><strong>latinis</strong></span> <span class='ocrx_word' id='word_1_289' title='bbox 992 4449 1119 4495; x_wconf 86' lang='lat' dir='ltr'><strong>nomen.</strong></span> 
     </span>
    </p>
   </div>
   <div class='ocr_carea' id='block_1_6' title="bbox 0 0 1470 5026">
    <p class='ocr_par' dir='ltr' id='par_1_16' title="bbox 0 0 1470 5026">
     <span class='ocr_line' id='line_1_40' title="bbox 0 0 1470 5026; baseline 0 0"><span class='ocrx_word' id='word_1_290' title='bbox 0 0 1470 5026; x_wconf 95' lang='lat' dir='ltr'><strong> </strong></span> 
     </span>
    </p>
   </div>
  </div>
 </body>
</html>
