2932 5026
328 343 445 392 116666
468 325 624 392 ursunn's
648 343 818 391 1616616
844 343 910 391 uus
935 342 1097 393 1666116.
1220 328 1284 392 631

230 486 289 553 Η16
311 487 434 573 placat,
457 489 606 573 angustis
629 488 714 573 quod
739 510 856 572 equum
880 488 1057 573 compescit
1080 487 1232 553 habenis:

271 594 332 658 Hic
355 592 516 678 placidam
539 594 633 659 111166
656 598 787 678 pectore
809 575 904 678 pellit
927 616 1054 679 aquam.

231 699 302 784 llic,
325 701 402 785 quia
425 698 521 764 fortis
544 699 638 765 adest
661 700 811 784 audacia,
835 701 939 785 cepit:
963 704 998 765 at
1021 700 1071 765 illi

269 807 446 892 Virgineus
468 810 596 872 teneras
619 810 686 871 stat
708 807 813 891 pudor
835 811 910 872 ante
933 827 1044 891 genas.

151 914 194 979 15
231 916 287 999 Tu,
310 936 411 1000 puero
434 915 658 1000 quodcumque
681 919 737 980 tuo
761 919 887 981 tentare
910 915 1038 999 libebit,
1249 936 1284 985 36

270 1020 387 1088 Cedas:
411 1021 568 1108 obsequio
591 1021 731 1106 plurima
754 1022 858 1087 vincit
880 1044 981 1087 arnor.
1250 1043 1285 1091 40

230 1128 276 1194 Ne
298 1150 404 1194 comes
428 1129 475 1193 ire
498 1150 611 1214 neges,
634 1130 782 1214 quamuis
806 1129 859 1193 via
881 1129 981 1214 longa
1003 1132 1137 1214 paretur

268 1234 314 1300 Et
336 1235 426 1299 canis
449 1236 556 1301 arenti
580 1240 703 1300 terreat
726 1258 804 1300 arva
827 1236 897 1321 siti,

230 1342 379 1420 Quamvis
402 1347 594 1426 praetexens
618 1343 710 1428 picea
733 1343 896 1429 ferrugine
919 1345 1044 1409 eaelum

163 1445 195 1509 20
268 1447 449 1515 Venturam
472 1449 627 1515 admittat
648 1451 801 1516 nimbifer
823 1450 930 1516 Eurus
954 1473 1083 1535 aquarn.

232 1555 289 1621 Vel
313 1556 341 1620 si
364 1557 530 1621 caeruleas
553 1556 653 1641 puppi
678 1557 766 1621 volet
788 1557 835 1621 ire
859 1579 916 1642 per
938 1557 1055 1641 undas,

267 1664 342 1748 Ipse
365 1662 469 1729 lavem
491 1686 580 1728 remo
604 1686 661 1747 per
684 1664 767 1728 freta
789 1664 876 1748 pelle
898 1668 1013 1730 ratem.

225 1768 291 1836 Nec
314 1774 346 1835 te
370 1770 536 1855 paeniteat
559 1770 656 1835 duros
679 1771 817 1835 subiisse
840 1772 970 1837 labores

267 1880 335 1943 Aut
358 1899 459 1961 opera
481 1877 627 1942 insuetas
651 1879 822 1943 atteruisse
846 1902 977 1945 manus:

156 1979 188 2047 25
224 1982 305 2068 Nec,
328 1984 409 2048 velit
430 1984 557 2049 insidiis
581 1984 665 2049 altas
689 1985 715 2048 si
739 1985 886 2049 claudere
910 1986 1022 2070 valles,

265 2090 353 2155 Dum
376 2091 520 2175 placeas,
543 2091 646 2156 umeri
669 2092 751 2157 retia
773 2091 856 2156 ferre
878 2096 1008 2178 negent.

223 2197 257 2264 si
280 2199 369 2265 volet
391 2221 495 2282 arma,
518 2199 582 2263 1611
604 2197 748 2264 tentabis
772 2199 882 2264 ludere
905 2199 1033 2266 (16111161

267 2304 369 2390 Saepe
392 2305 484 2371 dabis
508 2306 643 2390 nudum,
666 2306 777 2370 vincat
800 2309 837 2371 ut
859 2306 927 2390 ille,
950 2307 1046 2372 latus.

223 2413 314 2478 'l'unc
336 2413 399 2478 tibi
420 2412 511 2478 mitis
534 2413 611 2496 erit,
633 2413 744 2497 rapias
767 2417 837 2479 tum
860 2436 937 2477 cara
960 2414 1074 2479 licebit

140 2517 178 2584 30
265 2517 398 2584 Oscula:
422 2520 594 2604 pugnabit,
617 2519 674 2585 sed
696 2523 806 2584 tamen
830 2522 908 2603 apta
930 2519 1030 2586 dabit.

171 2651 173 2655 ’
221 2626 330 2711 Rapta
352 2627 443 2691 dabit
465 2628 586 2711 primo,
609 2649 683 2691 mox
708 2628 821 2692 offeret
844 2627 913 2710 ipse
938 2630 1083 2712 roganti:

264 2734 347 2800 Post
368 2734 470 2799 etiam
493 2734 578 2799 collo
602 2757 636 2799 se
660 2734 857 2817 implicuisse
881 2734 977 2800 volet.

221 2840 397 2905 Blanditiis
421 2841 492 2904 vult
515 2862 585 2906 esse
610 2842 717 2906 locum
740 2840 851 2906 Venus
876 2842 960 2925 ipsa:
985 2844 1138 2927 querellis

175 3024 178 3029 Ι
265 2945 489 3032 Supplieibus,
513 2948 640 3012 miseris
665 2949 794 3012 fletibus
819 2948 877 3012 illa
900 2950 999 3015 favet.

129 3055 173 3118 35
220 3053 290 3118 Nec
314 3053 418 3117 iurare
442 3054 534 3118 time:
559 3053 693 3119 Veneris
716 3055 860 3138 periuria
884 3057 969 3120 vent'

265 3159 365 3223 Irrita
388 3181 446 3242 per
468 3164 572 3223 terras
597 3166 630 3225 et
653 3160 736 3225 freta
759 3184 885 3226 summa
907 3162 1024 3228 ferunt.

220 3265 336 3330 Gratia
358 3287 478 3350 magua
499 3265 582 3330 Iovi:
606 3267 710 3330 vetuit
731 3272 824 3350 pater
848 3269 917 3352 ipsc
941 3270 1064 3355 valere,

265 3373 410 3437 Iurasset
433 3372 546 3455 cupide
571 3373 878 3458 quidquid-ineptus
903 3397 1009 3439 arnor:

219 3480 345 3564 Perque
369 3501 443 3543 suas
467 3479 597 3563 impunc
622 3481 701 3544 611111
724 3481 889 3564 Dictynna
912 3483 1051 3568 sagittas
1240 3504 1274 3550 16

127 3588 172 3652 40
265 3585 432 3667 Affirmes,
455 3587 558 3651 crines
582 3608 700 3671 perque
725 3586 871 3651 Minerva
894 3610 979 3652 suos.

220 3692 284 3759 Sed
307 3715 348 3756 nc
371 3696 404 3756 te
427 3693 572 3777 capiant,
594 3693 700 3777 primo
724 3694 752 3757 si
776 3695 860 3758 forte
883 3695 1031 3779 negabit,
1243 3720 1276 3768 15

129 3929 162 3977 17
181 3923 227 3977 Ne
244 3923 290 3976 fur
307 3922 380 3986 Neu,
399 3939 456 3976 was
475 3922 525 3976 das
543 3922 865 3978 Gadankenvcrhltltuiss
884 3924 1075 3979 aurtickwcist.

128 4020 164 4067 20
181 4013 314 4077 nimbiser
343 4011 395 4064 mit
422 4011 585 4065 Heinsius
614 4012 658 4065 sur
683 4013 733 4066 das
762 4013 895 4067 mctrisch
923 4011 1108 4067 unstutthafte
1135 4014 1275 4082 {abrisen

181 4102 282 4157 usna
309 4102 339 4169 (s.
365 4099 545 4155 Huschkc's
569 4101 654 4168 Note)
681 4103 752 4155 statt
775 4118 870 4166 arctes,
898 4118 955 4155 was
979 4118 1015 4154 an
1038 4101 1098 4155 sich
1120 4104 1274 4174 untadelig,

181 4190 256 4245 doch
275 4190 329 4244 mit
347 4191 450 4244 caelum
468 4189 497 4242 in
516 4189 606 4244 dieser
626 4190 807 4261 Verbindung
825 4191 905 4245 nicht
922 4190 1101 4261 vertraglich.

127 4286 162 4337 24
180 4296 267 4349 opera
288 4279 331 4332 als
350 4278 465 4334 Ablativ
489 4298 522 4333 au
545 4280 681 4346 insuetas,
704 4281 783 4334 nicht
805 4281 878 4334 ctwa
895 4281 948 4334 mit
966 4280 1088 4335 Dissen
1105 4281 1134 4335 in
1153 4286 1275 4338 tusserst

180 4367 384 4439 ungcfdlligem
399 4368 730 4424 Constmctionsweehsel
743 4370 785 4424 als
799 4370 969 4426 Nominativ.
997 4371 1069 4427 Vonr
1083 4371 1179 4425 Plural
1192 4388 1274 4445 opera

181 4456 436 4515 11661616111166111
455 4458 602 4514 Gabrauch
620 4460 745 4518 macheu.
