2932 5026
136 218 203 284 200
496 233 712 282 1111111111
734 233 921 282 ensurius

137 382 204 444 stat
228 379 269 443 ab
294 400 378 444 anno
397 378 462 445 539
487 372 530 442 ad¹
547 377 611 444 559
628 376 769 442 uetitum
788 376 897 463 fuisse,
921 376 973 443 ‘ne
991 397 1056 462 qua
1073 376 1195 443 mulier
1211 377 1286 463 plus

138 486 336 552 semunciam
366 486 437 552 auri
459 485 594 551 haberet
615 506 675 551 nec
698 485 893 551 vestimento
916 485 1105 551 versicolori
1128 486 1287 553 uteretur’

137 597 222 659 teste
249 591 342 658 Livio
371 591 512 658 XXXIV
543 613 612 676 cap.
643 594 659 656 1
691 592 845 676 iuxtaque
875 613 951 657 eum
977 590 1111 658 Valerio
1140 591 1287 658 Maximo

139 703 173 766 et
200 698 324 766 Oresio.
354 737 398 745 -
425 699 547 765 Verum
580 698 667 763 enim
699 720 775 763 vero
807 698 885 783 quid
912 702 962 763 est
989 699 1139 784 omnino,
1173 722 1231 765 eur
1252 700 1285 766 in

139 808 360 874 Romanorum
384 806 528 873 moribus
552 805 722 890 legibusve
744 827 916 890 moremur,
938 828 1012 873 eum
1034 807 1069 871 in
1087 806 1204 872 fabula
1220 807 1284 891 pal·

139 917 221 981 liata
248 936 413 980 versemur
442 935 560 999 gaece
578 912 732 978 instituta
754 915 1042 998 repraesentante?
1085 914 1126 979 In
1149 912 1283 980 Graecia

138 1028 249 1090 autem
271 1021 415 1105 Asiaque
442 1021 567 1086 minore
595 1020 846 1106 margaritarum
872 1042 969 1087 usum
994 1025 1126 1087 constat
1148 1021 1224 1086 inde
1246 1019 1281 1086 ab

138 1128 317 1195 Alexandri
344 1127 546 1212 expeditione
568 1125 681 1192 Indica
708 1127 813 1212 magis
837 1128 1007 1214 magisque
1029 1128 1282 1214 pererebruisse:

139 1237 230 1301 euius
254 1235 301 1301 rei
329 1233 522 1301 documenta
549 1237 696 1317 praestat
718 1232 851 1299 Lasseni
875 1234 1040 1301 ‘Indische
1063 1233 1281 1300 Alterthums

138 1341 295 1409 kunde’t.
314 1341 330 1406 Ι
349 1365 379 1428 p.
394 1341 459 1406 649
480 1339 588 1406 admi
607 1338 651 1425 (p.
668 1340 730 1405 797
747 1363 794 1426 sq.
814 1340 862 1406 ed.
881 1342 959 1429 alt).
993 1341 1027 1407 ΙΙ
1042 1343 1156 1427 11680
1170 1341 1243 1407 adn.
1260 1343 1285 1408 l.

139 1449 188 1514 llI
212 1472 242 1533 p.
266 1450 304 1514 19
325 1471 372 1533 sq.
391 1446 457 1512 305
476 1442 578 1534 squ).
620 1445 704 1523 Quid
723 1446 824 1533 igitur
842 1447 988 1532 impedit,
1010 1450 1184 1533 quominus
1203 1471 1285 1515 mar·

139 1559 264 1645 garitae
291 1556 343 1621 vel
369 1552 621 1639 margaritarum
645 1553 680 1617 in
703 1575 808 1618 novae
831 1555 1016 1621 comoediae
1040 1557 1150 1642 aliqua
1176 1557 1289 1622 fabula

138 1665 262 1731 mentio
280 1664 382 1745 fieret,
405 1667 438 1726 et
456 1661 503 1726 ita
523 1660 652 1745 quidem
671 1661 762 1724 fieret
781 1664 818 1724 ut
837 1660 911 1726 inde
930 1685 1006 1728 suae
1024 1664 1158 1730 fabulae
1171 1685 1288 1785 nepueu

138 1772 271 1856 latinus,
293 1771 348 1855 qui
371 1770 462 1835 illam
485 1770 636 1851 verteret,
659 1770 756 1851 poeta
779 1768 945 1852 imponere
968 1771 1103 1854 posset?
1135 1769 1238 1836 Velut
1255 1770 1289 1838 in

138 1881 291 1966 promptu
310 1880 361 1942 est
379 1876 418 1942 de
438 1875 634 1941 creberrima
651 1875 709 1939 illa
727 1875 762 1940 in
779 1880 925 1940 veterum
938 1877 1058 1943 fabulis
1077 1876 1290 1958 ἀναγνιφίεει

139 1988 273 2071 eiusque
282 1983 423 2063 ,(ημείοι(
437 1982 590 2066 cogitare,
604 1981 708 2067 quode
721 1983 844 2047 multus
858 1983 1110 2050 estAristoteles
1119 1984 1213 2050 Poet
1222 2007 1293 2071 cap.

144 2094 182 2158 11
203 2095 237 2157 11
258 2092 311 2156 16:
334 2090 425 2155 euius
449 2089 579 2174 quidem
604 2088 769 2154 luculenta
788 2091 937 2174 exempla
958 2090 994 2155 in
1016 2091 1090 2175 ipsa
1111 2092 1219 2158 latina
1241 2115 1292 2158 co·

141 2199 268 2266 moedis
281 2200 419 2263 exstant.
443 2195 587 2260 Anulum
601 2194 702 2261 habes
718 2195 895 2280 agnitionis
910 2197 1049 2262 indicem
1064 2201 1160 2282 atque
1171 2199 1294 2265 instru-

141 2311 286 2374 mentum
309 2305 343 2370 in
365 2302 572 2385 Curculione,
595 2302 629 2367 in
652 2302 796 2388 Hecyra3
825 2302 985 2368 cistellam
1008 2327 1082 2370 eum
1105 2305 1294 2390 crepundiis

140 2416 173 2480 in
193 2409 392 2494 Cistellaria3
416 2410 494 2475 item
513 2409 549 2473 in
567 2408 722 2494 Rudente,
741 2409 796 2474 ubi
817 2409 891 2474 inde
908 2433 928 2474 a
948 2411 1079 2476 111156
1098 2411 1295 2497 singillatim

144 2523 373 2586 enumerantur
400 2517 580 2582 ‘ensiculus
609 2538 725 2582 aureus
748 2516 929 2601 litteratus,
956 2517 1088 2602 ancipes
1112 2519 1296 2584 securicula

143 2651 250 2711 aurea,
273 2623 432 2691 sicilicula
455 2624 658 2709 argenteola,
681 2623 762 2688 duae
786 2645 927 2689 conexae
950 2625 1145 2709 maniculae,
1168 2627 1296 2709 sucula,

143 2735 234 2800 bulla
256 2731 374 2798 aurea’.
418 2731 544 2816 Ecquis
564 2731 664 2817 igitur
687 2729 822 2815 negabit
845 2732 989 2815 potuisse
1013 2732 1047 2797 in
1071 2733 1171 2797 simili
1196 2757 1299 2800 causa

145 2841 243 2906 etiam
276 2837 472 2922 margaritae
501 2837 552 2901 vel
581 2836 769 2921 margaritis
792 2836 812 2900 i.
836 2858 862 2901 e.
887 2837 976 2902 bacis
1001 2839 1106 2904 locum
1129 2862 1217 2925 esse,
1246 2840 1296 2907 rei

144 2964 355 2977 u—-——-——·——-·

216 3017 260 3082 11)
279 3013 372 3067 Vnum
397 3013 440 3066 est
465 3008 539 3079 quod
564 3027 620 3065 non
646 3010 736 3080 possit
752 3011 874 3068 Lasseno
898 3013 1025 3068 concedi:
1055 3014 1130 3084 quod
1156 3014 1295 3070 ‘unionis’

143 3120 243 3158 nomen
269 3102 304 3156 ab
330 3100 439 3155 unitate
465 3101 483 3157 i.
507 3117 531 3155 e.
557 3099 759 3169 aequabilitate
785 3103 1002 3173 margaritarum
1021 3102 1130 3158 dumsse
1149 3104 1297 3161 Romanos

144 3192 198 3248 sibi
222 3190 363 3263 persuasit
386 3192 407 3245 t.
432 3189 470 3245 III
496 3207 523 3259 p.
544 3195 577 3244 19
592 3207 633 3258 sq.
670 3189 728 3244 Nee
753 3190 828 3245 enim
853 3191 913 3262 ipso
937 3191 1029 3247 Plinio
1052 3191 1122 3246 duee
1146 3193 1298 3265 (1x‚1as)

144 3281 331 3337 dubitandum
354 3281 409 3348 est,
435 3278 504 3350 quin
528 3278 694 3350 insigniores
711 3281 824 3335 tantum
843 3282 1037 3351 magnitudine
1055 3297 1107 3336 sua
1125 3282 1298 3352 margaritas

145 3373 176 3424 ut
195 3369 335 3426 ‘uniones’
356 3368 540 3440 opposuerint
557 3366 712 3423 minoribus
727 3368 937 3438 vilioribusque,
956 3369 1041 3424 simili
1055 3386 1168 3439 prorsus
1183 3371 1297 3428 ratione

144 3463 229 3528 atque
248 3477 320 3528 quae
339 3458 368 3512 in
387 3474 560 3528 gemmarum
578 3473 679 3527 genere
699 3457 727 3510 in
742 3456 907 3511 hodiernum
922 3457 1070 3513 ‘solitaire'
1085 3475 1189 3512 nomen
1203 3459 1296 3515 cadit:

144 3547 257 3615 eiusque
277 3544 477 3615 appellationis
496 3544 665 3614 planissimis
679 3545 772 3600 verbis
786 3545 857 3600 adeo
872 3563 984 3600 causam
999 3545 1072 3600 idem
1088 3545 1196 3602 Plinius
1212 3554 1228 3615 ἃ
1244 3555 1296 3603 112

145 3635 274 3705 explicat.
294 3665 329 3675 -
349 3634 479 3690 Ceterum
498 3632 661 3688 Theodorus
680 3634 854 3706 Hesslingins
873 3635 902 3689 in
920 3634 1006 3703 libro,
1030 3651 1113 3704 quem
1135 3635 1200 3691 ‘Die
1219 3636 1296 3692 Perl-

145 3724 290 3780 museheln
314 3722 372 3777 and
394 3723 455 3777 ihre
474 3722 585 3778 Perlen'
606 3722 771 3793 inscriptum
789 3724 902 3794 Lipsiae
920 3724 1010 3780 edidit
1028 3740 1101 3779 anno
1122 3729 1206 3794 1819,
1231 3743 1296 3782 cum

144 3814 202 3869 iam
229 3813 294 3868 inde
318 3830 336 3868 a
359 3812 442 3868 bellis
461 3811 580 3867 Persicis
603 3812 678 3882 ipsas
695 3815 820 3869 Athenas
843 3814 984 3869 affluxisse
1003 3813 1221 3886 margaritarum
1240 3815 1295 3870 irs·

145 3902 261 3973 quentia
283 3902 433 3958 adseverat
454 3920 480 3971 p.
502 3908 550 3970 11,
573 3900 602 3956 id
621 3920 676 3971 qno
696 3905 808 3958 auctore
827 3903 912 3973 dieat,
931 3903 991 3973 ipse
1010 3903 1121 3959 viderit.
1158 3904 1295 3960 APerais

146 3991 271 4046 Medicvs
291 3991 315 4045 si
333 3991 369 4046 ad
380 3990 500 4047 Graecos
520 3990 632 4046 illamm
652 3992 754 4046 notitia
767 3992 949 4062 pervenisset,
968 3993 1081 4047 Persico
1095 4009 1143 4047 eas
1156 3993 1296 4049 vocabulo

146 4079 349 4150 appellassentz
379 4082 416 4137 ab
438 4080 535 4136 Indico
562 4083 657 4136 autem
685 4080 799 4134 ductum
827 4099 885 4136 esse
913 4081 1083 4150 μαργαρίτης
1105 4099 1209 4138 nomen
1232 4100 1295 4137 cam

146 4168 241 4224 Pottio
264 4171 294 4225 11
315 4169 453 4225 Lucanus
476 4169 572 4226 docuit
595 4171 625 4225 et
643 4169 876 4226 Sehwanbeckius
902 4170 948 4225 ‘de
966 4170 1158 4241 Megasthenis
1178 4171 1293 4227 lndieis’

146 4259 200 4329 (ed.
220 4259 332 4314 Bonnae
351 4275 375 4314 a.
396 4261 476 4330 1816)
501 4278 528 4330 p.
548 4266 595 4328 10,
619 4259 789 4328 quamquam
814 4259 849 4314 de
868 4259 931 4328 ipsa
948 4258 1036 4330 stirpe
1054 4261 1202 4330 paululum
1221 4261 1295 4316 inter

146 4366 175 4404 se
194 4348 367 4404 dissidentes.
