2932 5026
143 316 209 380 322
415 332 657 394 qvnasrronns
683 331 1016 380 ononnrouoorosn.

186 496 244 558 per
267 475 392 558 aliquot
415 475 614 559 pertinebat:
638 475 734 558 plane
758 478 795 538 ut
817 474 850 538 in
870 474 1047 539 Decurtato
1071 496 1144 539 esse
1166 474 1252 538 iactr

186 582 346 666 videmus,
374 605 412 646 cx
440 586 534 666 parte
558 583 657 647 ctiam
680 582 713 644 in
739 581 948 646 Ambrosiani
972 582 1017 646 eis
1042 580 1137 663 locis,
1163 580 1223 644 ubi
1248 581 1252 640 l

185 710 301 753 norum
329 689 364 751 in
393 710 581 753 scaenarum
609 687 778 771 principiis
802 708 953 752 versuum
977 687 1100 771 spatia,
1127 686 1252 750 destina

186 817 224 859 ea
252 799 399 860 actorum
427 795 628 877 nominibus,
660 815 764 858 vacua
791 794 906 859 relicta
935 797 1021 877 sunt,
1054 799 1092 858 ut
1120 794 1189 859 suis
1214 793 1252 857 lo

186 902 361 987 diligenter
389 899 622 965 adnotavimus.
668 898 739 966 Tali
768 901 870 985 igitur
899 900 1008 966 codice
1032 901 1137 965 utenti
1161 901 1252 966 neci

184 1009 308 1094 tegrius
338 1007 503 1092 exemplar
526 1007 558 1071 in
582 1009 736 1090 promptu
759 1006 908 1091 habenti,
937 1007 991 1090 qui
1016 1007 1178 1072 iacturam
1201 1007 1252 1072 ills

185 1116 290 1199 quoad
318 1118 430 1198 posset
458 1114 613 1178 resarcire
642 1112 755 1197 vellet,
783 1112 866 1177 nihil
890 1113 1049 1197 reliquum
1073 1117 1145 1177 orat
1168 1114 1234 1178 uisi

184 1245 222 1287 ex
252 1223 355 1306 ipsius
382 1221 490 1286 verbis
517 1223 634 1303 poetae
658 1220 787 1303 singula
810 1220 999 1286 testimonia
1021 1221 1230 1305 conquireret

185 1329 352 1412 deperdita
378 1329 413 1391 in
442 1349 632 1392 scaenarum
661 1326 873 1410 inscriptione
901 1327 1032 1392 uomina
1059 1328 1172 1412 aliquo
1196 1351 1251 1392 mo

184 1434 416 1519 recuperanda:
441 1434 537 1518 idque
556 1433 634 1498 feeit
654 1433 708 1518 qui
728 1455 744 1497 e
764 1431 901 1498 Casinas
921 1456 1015 1498 versu
1034 1433 1073 1519 V,
1089 1436 1120 1518 3,
1142 1436 1184 1500 16
1203 1457 1252 1500 ser

183 1566 300 1609 nomen
313 1537 510 1605 STALIOIO
521 1541 725 1624 postliminio
741 1541 910 1605 restituere
925 1541 988 1605 sibi
1003 1541 1092 1607 visus
1108 1546 1169 1607 est.
1191 1541 1252 1608 Eiu

186 1650 259 1714 dem
292 1652 401 1712 autem
434 1651 466 1711 et
499 1648 697 1713 condicionis
730 1651 763 1711 et
794 1649 922 1713 consilii
954 1652 1004 1714 vis
1037 1649 1125 1715 haud
1153 1650 1222 1715 seio

186 1757 286 1820 etiam
315 1754 355 1818 ad
380 1752 484 1818 Stichi
512 1754 756 1820 memorabilem
779 1755 870 1819 illam
893 1778 1105 1840 personarum
1129 1760 1252 1821 transm

184 1863 343 1927 tationem
376 1861 486 1944 aliqua
517 1883 554 1925 ex
583 1865 675 1944 parte
702 1861 910 1945 pertinuerit,
943 1885 1040 1946 quam
1068 1886 1169 1948 supra
1196 1863 1252 1927 teti

185 1971 245 2034 sub
269 1967 479 2046 Ἐπίγνωμοεε
508 1990 704 2053 quamquam
733 1969 936 2052 aliquantum
968 1970 1052 2033 inter
1077 1973 1217 2054 utraque
1240 1990 1252 2033 ε

185 2077 294 2161 ampla
321 2076 476 2141 interesse
505 2075 637 2139 minime
665 2097 716 2138 me
744 2075 839 2159 fugit.
862 2114 905 2120 —
930 2075 1017 2141 Haec
1045 2079 1157 2141 autem
1181 2099 1252 2141 omn

185 2184 212 2246 si
242 2183 291 2246 cui
322 2182 492 2247 ariolantis
520 2182 629 2265 potius
654 2205 737 2267 esse,
766 2187 798 2245 ct
822 2204 904 2266 quae
928 2181 997 2247 fieri
1020 2182 1202 2266 potuerint,
1225 2205 1252 2247 n<

186 2289 378 2373 quaefacta
402 2289 467 2353 sint
490 2310 618 2372 reapse,
641 2289 853 2372 proponentis
877 2288 1252 2375 videantur„en,pplocup‘

183 2397 330 2481 tissimus
359 2396 425 2459 iam
449 2393 542 2458 lestis
567 2415 767 2478 sponsorque
791 2394 944 2480 flagitans
967 2392 1064 2459 fidem
1088 2395 1252 2461 codex·A1

184 2503 356 2567 brosianus
382 2501 531 2585 prodeat,
557 2500 663 2584 ipsum
686 2500 874 2565 Plautinum
898 2502 984 2566 senis
1007 2523 1127 2566 nomen
1150 2502 1252 2587 prode

185 2607 372 2674 a‘Slclino’
396 2608 453 2672 illo
476 2606 739 2670 diversissimum.
785 2605 823 2669 ln
848 2629 885 2671 eo
910 2606 994 2671 enim
1020 2608 1129 2683 codice
1154 2610 1252 2675 duaru

185 2738 372 2780 scaenarum
399 2712 626 2796 inscriptiones
656 2711 736 2776 haec
764 2716 839 2775 ante
868 2712 929 2775 hos
956 2711 1048 2776 XXX
1078 2737 1182 2780 annos
1212 2717 1252 2781 nri

185 2824 418 2904 apparuerunt:
455 2817 519 2901 Ill,
551 2819 572 2881 4
608 2816 851 2882 ALOESIMUS
885 2818 1147 2899 L·S)DAMUS,
1180 2822 1246 2906 III,

184 2923 457 2990 PARDALISOA
473 2924 515 2988 L·
528 2922 725 2988 ·IDAMUS:
747 2925 831 2989 unde
850 2930 937 2989 certo
953 2927 1071 2991 certius
1086 2927 1252 3014 intellegit

185 3033 253 3095 seni
282 3054 338 3095 suo
370 3036 500 3115 poetam
524 3054 641 3097 nomon
664 3032 859 3115 imposuisse
882 3033 1059 3116 Lysidomo.
1106 3031 1209 3099 Cuius
1237 3058 1252 3099 u

184 3137 280 3201 minis
301 3137 438 3201 formam
461 3138 604 3202 doricam
628 3138 708 3202 satis
727 3139 837 3203 firmat
851 3137 1056 3206 Philodamus
1072 3140 1252 3206 Asinariae.

213 3367 239 3436 *)
261 3367 350 3437 [Quae
369 3384 454 3436 supra
472 3366 506 3421 da
520 3367 668 3438 Lysidamo
687 3368 792 3437 scripta
807 3369 879 3435 sunt,
899 3385 933 3422 ea
946 3368 1117 3424 ltitschelius
1133 3386 1208 3424 anuo
1224 3375 1252 3425 lc

139 3456 196 3509 iam
226 3455 261 3508 ad
286 3453 431 3508 Alfredum
456 3455 667 3510 Fleckeisenum
696 3455 818 3522 miserat,
849 3473 913 3509 cum
938 3456 987 3510 illo
1013 3456 1252 3513 dissertatiuncnh

139 3562 217 3597 suam
229 3543 309 3597 '‘rur
330 3542 540 3599 Plautinischcn
563 3544 773 3613 comnotclopie'
794 3544 956 3614 inscriptam
977 3549 1006 3600 et
1023 3548 1122 3616 postea
1139 3545 1168 3599 in
1188 3547 1251 3601 Ano

140 3632 237 3702 philol.
266 3634 334 3686 tom.
361 3631 422 3685 Clll
447 3651 473 3702 p.
498 3640 548 3689 637
572 3653 631 3705 sqq.
660 3635 764 3689 editam
794 3652 855 3689 oum
880 3637 941 3704 ipso
966 3635 1208 3690 communicasset.
1250 3638 1252 3688 Ι

140 3719 215 3773 enim
238 3737 302 3772 cum
320 3723 462 3774 narratum
482 3725 568 3790 esset,
592 3723 690 3777 cadem
710 3724 767 3777 iere
786 3722 821 3776 de
841 3723 992 3792 Lysidamo
1011 3741 1029 3779 a
1046 3723 1242 3780 Studomuudo

140 3807 300 3877 nuperrimo
329 3814 535 3878 programmate
563 3812 691 3881 exposita
718 3829 789 3879 esse,
818 3811 989 3867 Ritschalius
1017 3811 1053 3866 ad
1075 3812 1252 3871 Fleckeisen

139 3897 208 3950 hacc
228 3896 351 3966 scripsit:
373 3899 471 3953 ‘Deinc
491 3900 740 3955 handschriftliche
755 3901 918 3972 mitteilung
936 3901 985 3956 des
1000 3903 1208 3967 vorstchendaa
1222 3914 1252 3959 cl

138 3985 361 4055 matologicums‚
381 3989 469 4043 lieber
487 3989 595 4053 ireund‚
615 3989 748 4045 erwidere
767 3991 812 4045 ich
832 3991 884 4044 mit
898 3991 1059 4059 znsendung
1073 3991 1123 4045 der
1136 3991 1252 4048 denselh

138 4075 305 4145 Lysidunrus
323 4076 513 4131 bctreffenden
533 4078 800 4133 handschriltlichen
820 4080 933 4146 blattea
955 4080 1009 4147 dic,
1028 4079 1133 4134 bereits
1151 4080 1190 4134 im
1208 4081 1252 4151 jal

140 4169 208 4217 1868
232 4163 416 4233 druchlortig,
442 4165 522 4220 einen
546 4168 609 4247 teil!
622 4168 671 4223 der
690 4167 884 4237 «quaestiones
904 4168 1164 4237 onomatologicaa»
1184 4169 1252 4224 bird«

139 4252 244 4306 welche
271 4254 358 4307 achon
382 4254 446 4308 ‹lern
470 4259 560 4310 ersten
584 4257 676 4311 bande
700 4258 804 4311 meiner
827 4259 962 4326 opuscula
985 4257 1152 4312 einverleibt
1176 4258 1252 4313 werd

139 4341 258 4408 sollten,
277 4343 344 4396 abor
363 4361 412 4398 uus
431 4344 483 4398 den
503 4345 564 4399 hier
582 4365 603 4399 s.
623 4353 671 4401 841
695 4346 750 4399 und
769 4346 798 4399 iu
817 4346 866 4401 der
884 4348 999 4402 rorrcde
1018 4365 1051 4400 au
1069 4344 1115 4399 bd.
1136 4345 1161 4398 ll
1182 4364 1204 4401 s.
1224 4346 1252 4401 X

139 4431 342 4499 angedcutelen
364 4433 489 4501 grbuden
509 4435 743 4506 auriiclrgehaltcn
763 4435 877 4490 worden
897 4437 953 4490 und
972 4453 1028 4490 nnn
1047 4437 1104 4488 erst
1122 4421 1252 4490 demntcl
