2932 5026
170 105 234 170 554
493 124 607 170 nassa
631 111 775 172 rrssao's
799 125 978 172 rusoruvn

169 265 318 348 primum,
342 265 480 329 alterum
501 266 540 329 ad
564 267 700 351 litteras,
723 269 764 332 ad
783 272 870 332 artes
894 267 1148 353 disciplinasque
1169 271 1321 341 tertium

169 370 268 435 Cuius
286 372 333 434 rei
351 370 435 435 hanc
454 394 524 436 esse
544 375 609 438 vim
630 376 776 440 volumus
795 381 842 456 ut,
868 377 894 439 si
919 381 1037 460 quarto
1057 377 1091 441 in
1110 376 1179 440 loco
1196 376 1327 450 classis

168 478 314 541 miscella
342 478 513 561 habeatur,
543 480 595 543 his
623 485 778 566 quattuor
804 482 952 564 partibus
980 482 1076 546 simul
1105 482 1332 568 intellegatur

135 572 145 581 ’
168 586 328 669 quomodo
358 585 557 666 (ἐπιτομῆς
580 610 621 651 ex
654 589 862 673 imaginum
891 588 1006 652 libris
1031 588 1092 653 XV
1116 589 1207 653 libri
1227 587 1331 664 1111’

167 691 405 774 responderint,
439 715 575 777 quorum
604 695 792 758 memoriam
825 695 951 760 codices
985 696 1049 761 duo
1081 695 1218 761 Parisini
1242 719 1328 771 ser.

167 803 285 861 varuut
318 822 337 862 a
371 797 568 884 Chappuisio
601 824 703 884 nuper
739 802 896 885 excerpti:
933 805 969 867 ut
1005 803 1045 867 de
1081 803 1144 867 boc
1179 825 1323 878 numero

166 909 359 970 evanescant
392 928 471 990 quas
503 905 608 970 Musei
639 906 752 990 philol.
784 907 847 971 XII
880 931 910 991 p.
942 910 1003 973 153
1037 911 1070 972 et
1107 910 1168 973 160
1200 911 1316 997 [supra

167 1034 196 1093 p.
221 1012 298 1092 529]
325 1012 545 1078 dubitationes
570 1014 833 1098 significavimus.

257 1118 301 1183 Et
323 1119 403 1184 baec
427 1120 555 1204 quidem
579 1121 756 1206 generatim
780 1122 946 1206 disputata
969 1128 1075 1187 sunto.
1113 1122 1228 1199 Quodsi
1254 1125 1302 1190 bis

134 1244 154 1282 x
169 1227 327 1309 quaedam
352 1227 528 1291 subicimus
553 1226 591 1291 ad
622 1229 741 1293 classes
765 1228 910 1312 singulas
934 1229 1129 1312 spectantia,
1156 1251 1218 1292 non
1242 1230 1298 1296 boc

167 1354 204 1395 eo
227 1333 362 1399 facimus
387 1336 479 1418 quasi
504 1335 558 1418 qui
578 1336 617 1399 ad
642 1334 755 1399 barum
775 1334 917 1400 rationes
941 1335 1063 1399 finitius
1086 1335 1294 1400 describendas

166 1439 303 1504 multum
327 1441 439 1524 profici
462 1464 557 1525 posse
581 1442 614 1505 in
638 1445 731 1506 tanta
756 1441 1016 1506 testimoniorum
1045 1442 1181 1525 penuria
1200 1442 1295 1526 opine-

166 1569 251 1629 mur,
280 1546 335 1610 sed
359 1551 395 1612 ut
419 1570 438 1610 a
461 1548 719 1613 dubitationibus
743 1549 850 1631 potius
874 1546 1083 1631 quibusdam,
1112 1571 1189 1633 quas
1209 1548 1295 1613 facile

166 1653 326 1738 quispiam
346 1655 434 1718 illinc
454 1655 594 1719 orituras
614 1658 714 1737 putet,
737 1647 939 1738 propositam
958 1653 1152 1738 disponendi
1170 1656 1299 1738 speciem

166 1760 383 1825 defendamus.
421 1761 533 1845 Itaque
566 1762 675 1846 regiae
706 1766 802 1844 atque
835 1761 968 1825 bellicae
998 1760 1114 1825 virtuti
1146 1760 1304 1824 destinata

165 1867 288 1948 prima
315 1867 427 1931 classis
459 1890 556 1950 quam
584 1866 738 1932 babuerit
765 1867 798 1930 in
826 1868 991 1952 isagogico
1021 1867 1105 1931 libro
1132 1867 1304 1950 praefixam

165 1971 321 2036 Graecam
352 1973 541 2058 imaginem,
568 1974 724 2038 nescitur:
753 1971 933 2038 Romanam
962 1972 1079 2037 habuit
1103 1972 1307 2038 hauddubie

164 2078 317 2143 Aeneae
350 2102 520 2164 personam
549 2082 590 2145 ab
618 2080 740 2145 Ioanne
768 2081 858 2164 Lydo
886 2081 924 2145 de
953 2101 1038 2165 mag.
1060 2080 1091 2162 I,
1113 2081 1158 2145 30
1187 2077 1299 2145 eVarr

164 2187 252 2250 ronis
282 2186 403 2252 Εἰκόειν
436 2192 735 2271 commemoratam,
768 2210 863 2272 quam
896 2209 916 2250 a
943 2186 1142 2252 Graecorum
1173 2187 1292 2251 heroon

164 2294 319 2358 societate
334 2297 538 2379 segregatam
554 2295 653 2358 fuisse
668 2293 848 2359 Mercklino
865 2314 991 2377 quoque
1005 2295 1060 2377 pl
1074 2294 1167 2374 [535]
1179 2314 1299 2377 persus

165 2401 273 2465 simus.
311 2397 372 2464 Cui
399 2400 433 2464 in
456 2398 580 2465 Graeca
607 2400 807 2466 hebdomade
835 2400 1001 2484 isagogica
1028 2399 1150 2483 potuit,
1178 2404 1296 2464 tautum

164 2512 200 2571 ut
224 2508 371 2590 exemplo
396 2512 538 2589 utamur,
565 2508 616 2571 vel
639 2507 828 2573 Phoroncus
857 2506 907 2570 vel
931 2504 1088 2571 Deucalio
1114 2505 1298 2589 respondere

166 2619 201 2677 ut
237 2614 414 2692 προπάτωρ
451 2613 559 2697 gentis
597 2619 629 2677 et
665 2614 855 2692 ἀρχηγέτης,
893 2613 942 2675 vel
980 2612 1118 2675 fortasse
1157 2610 1309 2693 Cecrops.

165 2720 318 2804 Reliquas
344 2725 451 2783 autem
475 2720 595 2783 classes
620 2741 729 2784 omnes
754 2742 827 2783 cnm
850 2719 955 2784 Varro
983 2723 1095 2801 posset
1121 2739 1181 2801 per
1203 2718 1318 2800 capita.

165 2828 313 2910 persequi
337 2849 374 2889 ex
399 2827 471 2908 ipsa
495 2847 647 2909 generum
673 2826 858 2890 diversitate
882 2830 972 2908 apta,
996 2824 1119 2907 primae
1144 2827 1252 2888 tamen
1273 2828 1319 2886 et·

165 2933 352 2997 secundae
372 2932 485 2995 classis
506 2933 641 2996 materia
660 2934 712 2995 vix
731 2936 802 2996 erat
820 2932 917 2995 simili
940 2930 1162 2996 distributioni
1185 2930 1318 3009 idonea,

163 3039 215 3103 hic
243 3044 280 3102 ut
307 3039 455 3102 videatur
482 3060 498 3100 e
527 3043 708 3122 temporum
736 3039 941 3121 potissimum
970 3038 1080 3102 ordine
1106 3037 1320 3120 pependisse,

164 3146 260 3209 simul
284 3150 405 3228 autem,
433 3150 470 3209 ut
497 3151 547 3209 est
575 3151 838 3226 consentaneum,
867 3168 921 3208 eas
950 3150 1111 3208 certorum
1139 3143 1310 3207 hominurn

163 3253 381 3317 hebdomadas
411 3275 554 3316 servasse
587 3276 666 3336 ques
695 3253 745 3316 vel
778 3252 857 3315 fides
885 3252 1059 3316 memoriae
1086 3251 1138 3314 vel
1168 3271 1310 3315 commu·

162 3360 212 3422 uis
241 3360 352 3441 opinio
382 3363 414 3422 ct
443 3359 607 3423 tralaticia
635 3361 832 3424 consuetudo
860 3359 983 3442 pridem
1013 3357 1191 3422 sanxisset:
1222 3358 1303 3421 velut

163 3466 317 3529 intortio
341 3466 425 3529 libro
449 3471 573 3550 septem
599 3487 709 3550 regum
734 3467 963 3546 Roma-uorum,
986 3465 1021 3528 in
1045 3469 1162 3548 quarto
1187 3468 1301 3547 septem

163 3573 346 3655 sapientum
374 3572 578 3636 Graecorum.
621 3572 743 3646 Quodsi
771 3573 825 3656 qui
853 3573 886 3635 in
914 3570 1035 3653 duplici
1063 3591 1181 3654 genere
1210 3568 1297 3633 excel·

162 3680 278 3762 lerent,
314 3683 351 3742 ut
384 3677 492 3742 Numa
523 3679 702 3761 Pompilius
736 3679 783 3742 vel
818 3678 962 3741 Pittacus
995 3698 1067 3740 cum
1101 3677 1171 3740 suis
1204 3675 1296 3749 sociis

162 3786 301 3850 liberum
335 3787 478 3869 profecto
507 3790 578 3848 erat
606 3783 758 3867 Varroni,
792 3784 856 3847 utri
885 3782 982 3847 classi
1014 3783 1159 3847 tribuere
1188 3784 1295 3847 mallet

162 3893 200 3955 Id
224 3899 331 3956 autem
355 3893 409 3957 ubi
435 3892 474 3955 ad
498 3891 718 3956 Romanorum
741 3890 947 3973 potissimum
969 3889 1140 3955 bominum
1163 3891 1294 3954 rationes

162 3999 377 4080 transtuleris,
400 3999 566 4063 commode
585 3997 786 4081 perspexeris
806 3996 859 4080 qui
880 3999 990 4060 tantae
1009 3996 1144 4060 fortium
1163 3998 1294 4061 virorum

162 4104 361 4168 multitudini
386 4105 569 4186 capiendae,
593 4107 717 4187 quanta
740 4125 796 4186 per
820 4107 943 4185 septem
964 4102 1209 4186 saeculorum*)
1231 4123 1294 4166 con·

230 4216 258 4312 ⁴³¹)
283 4214 433 4297 Hincnon
461 4243 555 4312 inepte
584 4242 721 4312 quispiam
749 4240 953 4310 proficiscatur,
982 4244 1014 4294 ut
1041 4257 1056 4295 c
1080 4240 1197 4310 singulis
1219 4239 1294 4294 ferne
