2932 5026
403 354 480 402 srva
504 353 753 401 ununonanvu
778 354 882 400 mom.
1150 336 1215 401 533

61 495 174 560 ubivis
200 499 270 560 tum
292 497 326 561 in
349 496 401 562 his
424 497 563 563 maxime
587 497 696 579 libris,
727 495 844 581 quibus
868 520 886 560 a
910 518 1118 561 numerorum
1142 517 1214 576 tup-

44 588 178 687 ’μετρίᾳ
201 625 321 669 nomen
342 603 493 687 inditum,
515 603 696 669 Varronem
721 604 910 669 observasse
935 603 1069 685 monuit,
1092 604 1139 668 ita
1163 603 1214 668 de·

63 731 157 773 mum
186 709 392 776 satisfactum
420 711 535 796 fuisse,
568 712 596 775 si
625 734 690 776 non
719 715 848 775 tantum
877 714 1032 794 septenae
1058 710 1223 794 imagines·

64 817 190 900 septies
206 818 405 902 compositae
419 812 567 903 singulos
582 818 683 883 libros
697 819 942 898 constituerent,
957 818 1011 881 sed
1028 817 1054 880 si
1070 816 1214 881 omnium

65 923 251 1008 imaginum
278 946 429 989 numerus
457 947 524 991 non
553 926 632 1008 686,
666 926 720 990 sed
751 925 1030 1010 septingentarum
1055 946 1214 987 summam

65 1029 213 1096 referret
267 1031 380 1116 ltaque
411 1031 596 1097 Plinianum
627 1055 796 1097 numerum
827 1033 867 1097 ad
900 1030 1057 1097 amussim
1090 1029 1216 1094 intelle·

65 1137 210 1223 gendum
243 1137 336 1203 nobis
369 1138 450 1222 eripi
483 1161 550 1203 non
583 1139 757 1222 patiemur,
786 1138 841 1223 scd
870 1139 979 1222 potius
1008 1137 1215 1221 anquiramus

65 1249 285 1330 oportetque
309 1244 337 1308 is
360 1244 455 1309 modo
474 1268 547 1310 cnm
563 1244 622 1309 XV
640 1245 795 1310 librorum
820 1266 953 1308 numero
978 1248 1075 1328 atque
1099 1243 1215 1307 ceteris

65 1349 309 1415 distributionis
332 1348 438 1414 factae
462 1351 590 1415 indiciis
614 1352 720 1434 possit
742 1350 917 1414 conciliari.

156 1456 278 1522 Obstat
307 1460 415 1521 cutm
444 1456 684 1522 Ritschelianae
718 1457 953 1540 computationi
985 1457 1213 1541 gravissimum

67 1563 168 1629 Gellii
193 1562 258 1646 ΙΙΙ,
283 1565 320 1626 11
351 1563 589 1646 testimonium,
622 1563 708 1647 quod
736 1563 799 1626 nisi
828 1561 995 1628 ‘liberiore
1023 1563 1214 1646 interpreta-

66 1669 174 1736 tione’
198 1691 276 1734 usus
299 1669 334 1733 in
358 1673 467 1753 partes
493 1691 566 1734 suas
592 1673 715 1733 vertere
739 1692 768 1732 v.
792 1669 820 1733 d.
845 1691 908 1732 nou
933 1670 1043 1734 valuit.
1090 1667 1213 1733 Gellius

64 1778 152 1842 enim
180 1780 354 1861 postquam
382 1776 403 1841 l.
426 1775 474 1841 lll
500 1798 525 1839 c,
554 1778 592 1840 10
621 1799 659 1841 ex
684 1776 799 1858 ‘primo
822 1776 994 1858 librorum,
1023 1775 1078 1858 qui
1104 1775 1215 1840 inscri-

63 1884 185 1949 buntur
212 1881 431 1947 hebdomades
460 1883 510 1946 vel
539 1883 577 1947 de
607 1881 821 1968 imaginihus'
850 1905 933 1966 quae
961 1883 999 1946 de
1030 1882 1214 1965 septenario

62 2012 200 2055 numero
224 1989 267 2054 M.
291 1988 396 2055 Varro
425 1988 599 2054 admodum
627 1991 806 2075 conquisito
836 1990 1019 2074 protulerat
1046 1991 1213 2074 excerpsit,

62 2098 171 2181 capite
194 2096 339 2161 eiusdem
369 2096 442 2161 libri
467 2097 614 2180 sequenti
638 2092 710 2181 (ll)
740 2098 786 2161 ita
809 2099 931 2183 pergit:
964 2095 1084 2181 ‘Super
1106 2102 1214 2160 aetate

62 2202 199 2270 Homeri
223 2207 319 2287 atque
333 2200 468 2267 Hesiodi
493 2224 559 2268 nou
582 2203 792 2268 consentitur.
830 2203 898 2268 Alii
912 2203 1091 2268 Homerum
1115 2226 1212 2287 quam

61 2308 243 2374 Hesiodum
261 2309 418 2373 maiorem
438 2314 517 2373 natu
535 2307 636 2373 fuisse
655 2309 853 2393 scripserunt
870 2346 910 2354 ·-
925 2307 967 2371 M.
983 2312 1090 2372 autem
1106 2308 1212 2374 Varro

61 2413 95 2480 in
112 2416 224 2498 priato
245 2414 286 2479 de
309 2414 506 2500 imaginibus
531 2419 603 2480 uter
626 2415 715 2498 prior
738 2417 782 2479 sit
805 2419 903 2479 natus
926 2437 1040 2498 parum
1064 2421 1211 2480 constare

61 2521 164 2588 dicit?
206 2521 252 2586 Ilt
274 2521 381 2607 capite
404 2528 560 2587 extremo:
585 2520 644 2585 ‘lh
659 2521 763 2587 Varro
789 2523 821 2585 in
846 2522 928 2585 libro
951 2522 989 2585 de
1013 2522 1238 2606 imaginibuso

57 2631 166 2711 priam
199 2627 334 2693 Homeri
368 2628 503 2712 imagini
537 2629 738 2713 epigramma
770 2629 832 2693 hoc
865 2629 1031 2712 apposuit:
1077 2626 1211 2712 Capella

59 2734 200 2801 Homeri
224 2734 362 2800 candida
384 2734 464 2799 haec
488 2735 648 2799 tumulum
673 2736 803 2818 indicat,
828 2736 920 2812 Quod
943 2736 1003 2799 hac
1018 2734 1104 2798 letae
1129 2758 1211 2799 mor·

60 2847 117 2906 tuo
146 2840 275 2906 iaciunt
303 2840 415 2905 sacra'
463 2841 550 2917 Quae
580 2865 678 2926 quum
708 2846 819 2926 aperte
845 2842 986 2905 Graecae
1015 2841 1209 2907 hebdomadi

60 2950 168 3013 locum
198 2948 298 3012 fuisse
327 2949 360 3013 in
388 2949 525 3031 imparis
553 2948 678 3012 numeri
706 2949 791 3012 libro
821 2947 999 3032 declarent,
1033 2972 1097 3013 non
1128 2952 1210 3013 l'erre

59 3057 170 3139 potuit
202 3054 415 3137 Ritschelius,
445 3055 501 3118 sed
532 3055 578 3118 ita
609 3055 669 3118 sibi
702 3056 900 3131 conciliavit,
940 3060 974 3119 ut
1011 3057 1211 3121 existimaret

60 3161 221 3227 ‘Gellium
240 3162 296 3225 ubi
316 3161 493 3226 subiectum
511 3162 643 3225 Homeri
665 3163 800 3247 imagini
820 3163 1019 3246 epigramma
1038 3164 1208 3227 adiecturu-

59 3292 121 3354 que
144 3269 186 3333 de
209 3269 298 3333 illius
322 3273 418 3352 atque
442 3267 576 3332 Hesiodi
602 3273 708 3332 aetate
733 3269 985 3353 disputationem
1010 3270 1209 3354 excerpebat,

60 3399 126 3442 non
158 3396 290 3441 curasse
322 3374 534 3457 praemissam
568 3374 716 3438 universo
751 3376 839 3457 operi
869 3375 1120 3457 praefationem,
1152 3376 1208 3439 scd

61 3484 201 3567 primum
236 3481 354 3545 librum
388 3480 506 3543 dixisse
539 3480 593 3563 qui
627 3502 740 3563 reapse
775 3481 898 3563 primus
932 3485 1015 3543 esset
1051 3482 1208 3563 imagines

61 3590 150 3672 ipsas
175 3592 433 3672 repraesentans.
473 3585 562 3671 Ergo
588 3588 771 3652 insecundo
796 3588 914 3672 potius,
938 3588 964 3650 si
989 3588 1207 3653 adamussim

61 3696 98 3759 lit
119 3695 312 3778 numerati0,
334 3695 491 3759 Horamcs
514 3700 556 3777 et,
582 3701 616 3759 ut
636 3700 886 3759 consentaneum
912 3699 962 3758 est
984 3694 1120 3777 credere,
1144 3696 1206 3759 He-

59 3805 166 3869 subdas
198 3803 306 3867 locum
338 3803 542 3866 invenerant:
577 3803 659 3866 unde
692 3825 892 3885 consequeus
925 3808 988 3883 est,
1022 3810 1056 3865 ut
1089 3803 1207 3868 latinos

61 3916 176 3994 poetas
206 3908 321 3973 tertius
352 3908 618 3993 persequeretur.'
666 3909 803 3972 Acutum
835 3907 979 3992 quidem,
1012 3910 1067 3972 sed
1099 3914 1207 3974 tamon

60 4017 211 4083 fallacem
233 4016 549 4099 interpretationem!
576 4054 610 4059 --
640 4015 710 4090 Qua
734 4016 873 4097 probatu
896 4039 915 4079 a
939 4015 1033 4079 nobis
1057 4016 1206 4100 impetre-

60 4146 130 4188 mus
160 4126 303 4206 oportet,
332 4126 368 4184 ut
396 4121 564 4185 credamus
589 4121 729 4185 Gellium
759 4122 792 4185 in
822 4121 1011 4185 adhibendis
1040 4129 1204 4188 auctorum

60 4230 154 4294 libris
178 4228 313 4292 minime
341 4228 559 4312 negligentem
589 4228 713 4292 duobus
739 4228 900 4311 capitibus
925 4251 993 4291 sese
1018 4230 1205 4312 excipienti-

60 4336 118 4401 bus
143 4335 285 4419 primum
311 4334 546 4399 hebdomadum
571 4336 689 4399 librum
715 4337 821 4400 verbis
847 4337 974 4420 quidem
999 4337 1127 4417 iisdem,
1150 4337 1205 4400 scd
1294 4409 1297 4415 ¹

59 4443 123 4506 alia
148 4440 321 4525 utrobique
346 4447 453 4505 mente
478 4442 668 4525 appellasse,
691 4465 772 4528 quae
796 4465 862 4509 non
880 4444 1012 4509 ferenda
1030 4448 1080 4507 est
1097 4444 1206 4509 incon·
