2932 5026
307 263 372 328 512
637 279 751 326 UEBER
776 257 920 324 VARRO'S
943 276 1120 323 innoruvn

396 421 472 486 Non
508 421 691 504 promiscue
728 420 919 484 distributas
956 419 1178 484 hebdomadas
1211 422 1316 489 multo

308 529 460 595 credibile
479 530 529 592 est
546 527 730 611 promiscuo
751 529 941 611 argumento
960 525 1068 590 fuisse.
1096 527 1141 591 Et
1164 527 1335 611 primum<

307 637 402 700 unius
435 634 641 717 eiusdemque
679 634 805 718 generis
842 633 990 697 homines
1024 633 1161 717 singulis
1199 633 1335 702 hebdom

309 741 507 827 compositos
531 761 601 804 esse
625 762 698 805 cunr
726 762 778 804 res
806 740 879 822 ipsa
903 738 1017 803 suadet
1039 743 1076 803 ut
1103 738 1274 806 credamus
1300 748 1335 809 tu

308 854 396 913 certo
416 847 563 931 exemplo
583 869 685 932 eoque
704 847 802 928 longe
821 845 1064 910 evidentissimo
1083 868 1217 929 prorsus
1238 870 1335 932 persu

307 954 552 1040 Magnificentia
572 953 660 1018 enim
679 953 839 1036 villarum,
858 954 1024 1030 atriorum,
1043 954 1236 1020 balneorum
1255 955 1291 1019 in
1303 956 1335 1022 M

308 1063 388 1147 ripis
413 1061 660 1145 conspicuorum
682 1059 738 1124 ubi
757 1059 913 1124 Mosellae
933 1060 1136 1125 laudatorem
1155 1061 1335 1127 Ausonium

309 1191 420 1233 corum
450 1190 584 1252 operum
591 1218 599 1249 ,
635 1189 771 1251 quorum
800 1167 859 1232 illa
887 1165 1090 1250 splendorem
1120 1168 1335 1234 aemularentn

308 1275 448 1358 monuit,
481 1274 618 1357 exempli
649 1295 765 1339 caussa
796 1275 951 1356 quattuor
978 1272 1118 1336 artifices
1147 1271 1292 1339 Graecos
1321 1298 1335 1341 e

309 1380 510 1446 hebdomade
534 1378 740 1444 Varroniano
761 1379 955 1444 nominatim
979 1383 1214 1444 commemorat
1239 1403 1268 1446 v.
1290 1382 1335 1447 30

399 1514 525 1579 Forsan
548 1517 580 1577 et
603 1513 750 1598 insignes
773 1512 1004 1595 hominumque
1027 1534 1228 1596 operumque
1252 1514 1335 1581 labor

399 1619 601 1685 Hic'habuit
624 1619 771 1684 decimo
795 1618 996 1683 celebrata
1019 1619 1216 1683 volumine
1240 1618 1335 1685 Marc

399 1725 626 1792 Hebdomas.
656 1726 710 1791 hic
732 1726 813 1790 clari
837 1725 967 1809 viguere
990 1723 1186 1790 Menecratis
1210 1731 1312 1807 artes,

399 1833 507 1918 Atque
530 1833 653 1917 Ephesi
678 1835 824 1918 spectate
847 1854 976 1913 manus,
1000 1832 1050 1896 vel
1073 1832 1109 1895 in
1132 1839 1207 1898 a'rce
1232 1832 1335 1899 Miner

400 1939 536 2023 latinus,
559 1941 687 2025 magico
711 1941 763 2004 cui
787 1943 908 2005 noctua
931 1939 1051 2023 perlita
1073 1939 1146 2004 fuco

399 2047 515 2110 Allicit
537 2067 632 2110 omne
657 2067 760 2130 genus
783 2047 930 2112 volucres
954 2046 1149 2130 perimitque
1172 2047 1302 2112 tuendo.

400 2150 559 2217 Conditor
580 2153 634 2217 hic
657 2152 770 2217 forsan
793 2152 892 2216 luerit
914 2151 1134 2216 Ptolemaidos
1159 2151 1255 2216 aulae

400 2258 617 2343 Dinochares,
641 2258 692 2322 cui
717 2259 876 2342 quadrato
900 2259 934 2321 in
957 2258 1091 2342 fastigia
1114 2280 1195 2322 cono

402 2365 515 2451 Surgit
538 2365 665 2449 etipsa
688 2387 764 2429 suas
788 2365 951 2430 consumit
972 2365 1119 2448 pyramis
1141 2365 1275 2430 umbras
1301 2402 1335 2412 -

311 2524 337 2567 e.
361 2524 390 2586 q.
415 2525 438 2566 s.
475 2500 543 2565 Nec
572 2498 657 2562 enim
687 2495 886 2581 Scaligerum
915 2496 1108 2561 audiendum
1138 2521 1223 2581 esse,
1254 2520 1319 2562 non

311 2608 448 2693 argutiis
467 2607 547 2670 haec
566 2605 663 2690 longe
678 2605 774 2668 aliam
789 2605 822 2666 in
840 2607 968 2689 partem
988 2603 1266 2688 interpretantem,
1286 2627 1335 2669 sar

313 2714 431 2778 iudicio
459 2713 585 2796 pridem
617 2709 810 2792 Salmasius,
839 2709 1008 2773 Reinesius
1042 2706 1117 2773 Var.
1146 2710 1219 2775 lect
1247 2710 1293 2795 Il,
1321 2716 1333 2776 l

312 2821 368 2884 alii
396 2821 640 2902 perspexerunt.
686 2817 799 2900 ltaque
828 2815 866 2878 de
895 2819 1048 2898 quattuor
1075 2815 1141 2878 illis
1171 2818 1335 2883 architecti

311 2927 409 3011 longo
434 2948 473 2989 ex
502 2930 646 3008 tempore
670 2923 759 2987 nulla
786 2922 946 2985 dubitatio
967 2914 1104 3005 ¹fuisset,
1131 2944 1235 3006 nuper
1264 2924 1335 2991 dem

311 3031 422 3096 eadem
443 3052 557 3094 caussa
577 3052 632 3093 eos
656 3051 737 3113 quos
761 3028 809 3091 illi
830 3028 995 3110 excipiunt
1014 3051 1124 3092 versus
1145 3032 1335 3114 segregandc

310 3138 447 3202 lacobus
476 3135 677 3219 Bernaysius
710 3139 822 3199 noster
853 3135 996 3219 negabat
1025 3134 1245 3200 admonitione
1276 3139 1335 3203 util

209 3329 214 3339 Ι
312 3245 373 3321 Qui
396 3244 430 3309 hi
454 3246 530 3308 sunt
552 3243 625 3307 inde
649 3265 668 3306 a
691 3242 770 3306 298:

400 3378 479 3455 Quis
503 3377 589 3460 potis
613 3377 801 3441 innumeros
825 3375 992 3458 cultusque
1016 3375 1212 3458 habitusque
1237 3382 1335 3441 retem

401 3485 544 3549 Pandere
568 3482 746 3547 tectonicas
770 3504 826 3565 per
850 3481 978 3565 singula
1002 3481 1134 3563 praedia
1157 3481 1304 3547 formas?

400 3591 475 3655 Non
497 3590 559 3653 hoe
584 3593 717 3671 spernat
740 3611 820 3672 opus
844 3587 1023 3672 Gortynius
1047 3588 1150 3670 aliger
1174 3588 1265 3653 aedis

401 3694 556 3762 Conditor
579 3684 755 3776 Euhbicae,
780 3718 872 3759 casus
897 3717 992 3779 quem
1016 3696 1138 3777 fingere
1162 3694 1196 3757 in
1221 3717 1301 3759 auro

399 3801 580 3877 Conantem
603 3798 725 3864 Icarios
750 3803 847 3883 patrii
872 3802 1025 3885 pepulere
1049 3800 1188 3864 dolores:

399 3906 474 3973 Non
498 3908 593 3972 Philo
618 3903 808 3990 Cecropius,
831 3930 895 3971 non
920 3909 974 3991 qui
998 3907 1147 3970 laudatus
1172 3907 1214 3969 ab
1239 3907 1331 3971 hoste

400 4014 497 4080 Clara
521 4011 683 4099 Syracosii
707 4015 807 4079 traxit
830 4015 1007 4078 certamina
1030 4014 1118 4077 belli.

311 4149 411 4214 Vides
435 4150 511 4233 quid
533 4148 608 4212 hinc
633 4152 856 4231 consequatur.
890 4147 942 4212 An
962 4170 1039 4211 casu
1062 4146 1184 4209 factum
1208 4146 1335 4229 putabis

312 4261 464 4340 utrosque
487 4277 597 4319 versus
626 4255 682 4319 ubi
707 4256 894 4332 sociaveris,
923 4258 959 4318 ut
987 4258 1062 4318 sunt
1092 4253 1132 4316 ab
1157 4252 1306 4316 Ausonio
1332 4278 1335 4314 l

312 4387 369 4429 nec
402 4363 510 4447 plures
543 4362 702 4444 prodeunt
734 4384 792 4426 nec
825 4363 992 4445 pauciores
1025 4382 1121 4443 qrumr
1157 4382 1221 4423 unu
1258 4358 1335 4423 hebd
