2956 5018
146 333 211 396 546
469 347 585 393 uasuu
610 326 753 391 inuno’s
778 342 952 390 rununwn

145 490 325 554 Hanrzxvs
354 493 524 553 senscrunt
552 511 616 553 non
646 489 714 553 sine
748 508 867 570 magua
899 487 1007 570 specie
1038 483 1291 568 probabilitatis.

145 597 259 681 Itaque
292 594 550 680 quattuordecim
582 594 676 658 libris
710 593 846 678 singulis
874 591 1056 656 Varronem
1087 591 1294 656 coniecerunt

146 702 291 788 singulas
310 700 469 785 imagines
489 700 671 783 principum
691 699 891 783 quorundam
914 699 1103 781 praefixisse
1128 703 1293 783 tamquam

145 810 266 873 indices
295 808 364 870 eius
392 807 520 890 generis
548 804 632 889 quod
661 806 743 868 liber
772 804 907 887 quisque
935 804 1219 888 complecteretur.
1258 803 1294 867 Id

146 919 255 978 autem
279 912 354 976 ilico
377 933 437 976 uos
461 911 667 994 amplexuros
692 912 967 996 significabamus,
993 911 1056 975 nisi
1080 912 1294 996 gravissimae

146 1021 302 1104 quaedam
338 1018 532 1082 offensiones
565 1018 747 1093 obstarent,
780 1039 861 1101 quae
894 1018 1006 1102 quales
1039 1021 1153 1082 essent
1179 1017 1200 1080 l.
1224 1040 1249 1081 s.
1271 1039 1294 1081 a

146 1126 395 1209 exponebamus.
437 1123 481 1186 llt
513 1128 622 1187 tamen
655 1127 722 1186 tam
758 1124 793 1185 in
830 1129 984 1206 promptu
1016 1124 1071 1188 vie
1110 1128 1196 1201 erat,
1233 1146 1296 1208 qua

145 1233 266 1298 licebat
297 1233 344 1295 rei
377 1252 536 1294 summam
569 1229 611 1293 ab
643 1229 712 1291 illis
745 1231 962 1312 excogitatam
994 1228 1047 1293 his
1081 1230 1295 1295 incommodis

147 1340 286 1404 liberare
318 1336 492 1422 paulloque
525 1336 623 1400 aliam
656 1336 690 1398 iu
723 1340 849 1417 partem
884 1358 1009 1400 versam
1044 1338 1127 1401 satis
1160 1337 1295 1401 firmiter

146 1447 244 1526 tueri,
281 1451 317 1509 ut
353 1443 468 1507 subeat
501 1443 644 1506 animum
683 1443 766 1524 quod
800 1447 850 1506 est
883 1445 917 1506 in
953 1445 1130 1526 proverbio
1163 1442 1205 1508 de
1235 1464 1293 1508 ovo

147 1550 307 1617 Columbi.
346 1550 447 1634 quue
470 1549 555 1613 felici
579 1550 728 1613 acumine
751 1550 916 1632 praestitit
938 1549 1153 1631 Mercklinus,
1181 1555 1293 1615 teneus

145 1658 200 1720 ille
224 1656 275 1720 bis
295 1659 418 1738 septem
437 1653 696 1737 coryphaeorum
720 1654 889 1739 imagines,
913 1655 1046 1720 sedeas
1065 1678 1133 1720 non
1157 1657 1293 1741 singulis

145 1763 239 1827 libris
267 1762 457 1825 distributas
485 1760 766 1843 praepositusque,
799 1783 908 1825 verum
938 1762 1033 1825 unius
1061 1762 1139 1826 libri
1168 1764 1292 1828 viuculo

146 1868 395 1951 comprehensas
424 1866 456 1931 h.
479 1887 505 1930 e.
533 1866 636 1949 ipsius
665 1866 740 1930 libri
767 1867 865 1950 primi
899 1868 953 1950 qui
987 1867 1052 1931 fuit
1081 1869 1293 1945 elcurwrrxdc

146 1975 184 2039 In
214 1996 277 2059 quo
306 1978 381 2057 post
408 1996 461 2054 ea,
488 1993 665 2055 quaecum
694 1971 732 2036 de
761 1974 938 2057 imaginum
967 1974 1122 2038 instituto
1146 1976 1291 2040 universo

146 2086 214 2145 tum
244 2081 281 2143 de
312 2080 504 2162 ‘septenarii
526 2079 652 2143 numeri
675 2080 850 2143 virtutibus
878 2080 1162 2166 potestatibusque
1186 2082 1291 2147 multis

146 2184 325 2269 variisque'
349 2186 529 2269 generatim
553 2184 789 2269 disputaverat,
812 2186 1038 2268 percommode
1058 2186 1167 2269 Varro
1191 2189 1292 2272 potuit

146 2292 186 2356 ad
210 2293 330 2375 integri
354 2293 462 2375 operis
487 2292 537 2355 sui
561 2292 808 2375 dispositionem
832 2293 879 2355 ita
902 2293 1052 2375 transire,
1075 2316 1150 2358 eam
1176 2301 1212 2359 ut
1231 2316 1289 2359 non

146 2399 254 2463 verbis
277 2402 405 2462 tantum
430 2399 619 2480 explicaret,
642 2398 698 2461 sed
721 2397 867 2481 ipsorum
887 2397 1111 2481 exemplorum
1134 2400 1289 2465 evidentia

146 2507 353 2570 inlustratum
391 2505 481 2567 brevi
514 2505 549 2567 in
582 2508 756 2585 conspectu
792 2510 936 2586 poneret.
973 2502 1113 2569 Delecto
1145 2507 1245 2591 igitur
1271 2528 1287 2569 e

146 2612 283 2696 siugulis
308 2633 389 2694 quac
413 2611 626 2674 subsecutura
650 2615 759 2673 esseut
782 2611 1002 2692 praestantiae
1020 2611 1187 2676 humanae
1209 2612 1286 2697 capi·

146 2719 233 2782 tibus
263 2740 325 2782 uuo
354 2717 484 2780 homine
512 2716 686 2800 praecipuo
715 2719 883 2799 tamquam
912 2717 962 2780 sui
990 2719 1121 2801 generis
1157 2719 1234 2784 duce
1259 2723 1288 2782 et

146 2825 374 2908 antesignano,
407 2824 486 2888 duas
520 2823 697 2906 imaginum
729 2823 948 2887 hebdomadas
977 2825 1167 2907 constituit,
1199 2824 1286 2889 Grae·

146 2952 255 2994 carum
279 2931 430 3011 alteram,
455 2929 593 2992 alteram
617 2928 851 3014 Romanarum,
881 2952 962 3016 quae
986 2931 1076 2995 velut
1105 2954 1165 3014 pro
1193 2931 1287 2996 indice

146 3041 254 3100 esseut
286 3039 465 3099 ceterorum
498 3034 669 3098 librorum:
708 3035 849 3119 adiecta,
881 3041 918 3100 ut
949 3041 999 3100 est
1032 3044 1287 3117 consentaneum,

146 3142 259 3207 harum
290 3163 417 3225 quoque
445 3141 623 3225 imaginum
653 3142 744 3205 brevi
773 3144 978 3207 enarratione
1008 3144 1109 3208 simili
1139 3144 1287 3231 atquein

147 3248 281 3331 reliquis
305 3248 465 3312 omnibus.

234 3354 308 3419 Non
332 3358 573 3437 potestantem
598 3355 637 3418 ad
663 3355 851 3419 firmandam
880 3356 963 3419 hanc
988 3358 1187 3422 seutentiam
1211 3358 1286 3442 quic·

146 3484 242 3544 quam
272 3483 342 3524 esse
371 3462 475 3543 magis
509 3461 693 3542 appositum
726 3483 822 3542 quam
851 3460 1038 3526 Gelliauum
1072 3464 1287 3529 testimonium

146 3567 230 3651 quod
255 3574 305 3631 est
332 3569 365 3630 in
394 3568 499 3649 capite
526 3570 563 3631 ll
595 3568 668 3630 libri
692 3566 740 3631 ΙΙΙ
769 3565 923 3632 Noctium
948 3571 1149 3634 Atticarum:
1178 3571 1233 3634 ubi
1257 3572 1286 3633 et

146 3674 184 3737 de
215 3678 321 3736 aetate
345 3672 477 3735 Homeri
504 3672 685 3756 disputatio
709 3672 867 3737 Varronis
895 3679 929 3736 et
956 3675 1046 3739 illius
1077 3676 1213 3759 imagini
1236 3674 1284 3739 ad·

145 3778 264 3841 iectum
294 3778 494 3860 epigramma
517 3780 691 3843 afferture
720 3778 818 3842 ‘libro
848 3778 887 3842 de
916 3781 1116 3865 imaginibus
1146 3778 1285 3865 primo'.

145 3882 182 3946 Id
210 3906 271 3946 nos
299 3884 401 3946 coacti
425 3905 551 3947 eramus
581 3885 660 3948 item
688 3886 839 3949 liberiore
868 3885 1137 3969 interpretatione
1166 3888 1200 3952 in
1221 3908 1284 3951 eam

147 3992 274 4071 partem
294 3990 446 4072 accipere,
466 3995 502 4053 ut
520 3991 669 4073 scriptor,
688 3991 747 4054 illa
766 4014 838 4056 cum
858 3997 1055 4077 excerperet,
1078 4015 1145 4058 non
1164 4013 1286 4058 curasse

146 4095 358 4176 praemissam
386 4096 535 4160 universo
564 4097 655 4179 operi
684 4097 919 4180 praefationem
948 4099 1205 4183 existimaretur,
1235 4095 1284 4161 sed

146 4200 286 4283 primum
305 4202 424 4264 librum
442 4201 560 4265 dixisse
580 4203 634 4285 qui
653 4225 766 4287 reapse
786 4204 907 4287 primus
927 4209 1016 4268 esset
1028 4205 1119 4287 ipsas
1133 4204 1282 4289 imagines

145 4310 408 4391 repraesentans,
439 4330 632 4392 quamquam
662 4310 820 4373 secundus
848 4332 925 4373 sane
953 4310 1113 4374 librorum
1141 4311 1291 4374 omnium.

147 4411 208 4478 Oui
239 4414 360 4477 rationi
392 4414 477 4496 quod
508 4414 705 4478 Merclxlinus
739 4438 768 4499 p.
798 4416 818 4478 6
853 4416 930 4495 [533
951 4420 1011 4498 sq.]
1046 4417 1200 4501 opposuit
1228 4412 1293 4478 etsi
