2932 5026
266 328 328 392 186
620 342 834 392 rasennam
857 343 1046 392 autumus.

261 492 374 572 carpta
403 491 492 571 sunt,
523 510 634 553 eorum
663 487 698 552 in
726 486 897 553 dimidiata
923 486 1314 572 pagina165,27haec
1337 486 1417 552 reli-

261 593 356 680 quiae
379 599 561 680 supersunt,
583 616 663 680 quas
687 617 759 662 cum
783 594 1018 681 supplementis
1033 594 1218 662 Vrsinianis
1236 594 1418 681 adscripsi:

1015 737 1175 804 Nauteam
1195 739 1245 804 ait
1268 736 1345 822 opt

327 845 390 911 lius
502 845 655 911 Aurelius
759 845 873 912 herbae
898 866 997 930 penae
1018 867 1080 913 esse
1098 845 1211 930 prauis
1230 846 1347 931 marie,

327 976 392 1038 qua
454 952 571 1018 coriari
629 955 774 1037 utuntur,
819 955 907 1020 cuias
946 954 1048 1019 atteri
1083 974 1105 1018 a
1144 975 1226 1020 naue
1267 954 1341 1020 duc-

327 1059 877 1145 tumnomenquianauseamfacit,
935 1063 1164 1144 parastaticam
1223 1061 1256 1126 Τ
1290 1056 1348 1126 ‘et

328 1168 350 1234 S
423 1168 604 1233 litterarum
681 1168 945 1234 intermediamm
997 1170 1136 1253 autraais
1189 1172 1345 1235 masaa

327 1274 463 1340 Plautus
508 1274 544 1339 in
593 1279 771 1341 artemone:
816 1280 1005 1360 unquentum
1022 1277 1104 1358 qaod
1119 1276 1250 1342 mutae
1273 1297 1345 1342 mre
1451 1364 1455 1370 ι

326 1381 450 1453 lienum
478 1387 630 1447 nauteam
663 1382 795 1448 fecisset
817 1432 1345 1448 ..........

260 1524 408 1609 Apparet
429 1524 652 1591 Plautinorum
680 1524 867 1626 verborum,
898 1546 980 1610 quae
1009 1524 1051 1591 ad
1079 1526 1263 1611 exemplum
1288 1524 1413 1593 Carea-

259 1631 357 1697 lionis
371 1654 400 1696 v.
409 1632 452 1698 99
472 1632 621 1717 suppleta
640 1633 717 1696 sunt
734 1632 774 1696 ab
789 1630 921 1717 Vrsino,
942 1631 1027 1697 nihil
1046 1635 1169 1698 eertum
1188 1655 1260 1699 esse
1278 1638 1416 1720 praeter

224 1795 240 1843 e
291 1758 295 1772 ¹
510 1776 754 1858 [mu]lionum
776 1778 957 1841 nauteam
979 1775 1152 1844 fecisset

259 1915 310 1983 Ex
326 1918 426 2004 Opilii
440 1919 566 1984 Aurelii
590 1919 754 1985 mentione
777 1919 916 1985 fortasse
939 1919 1041 1984 conici
1064 1942 1170 2025 posse,
1193 1919 1228 1985 ia
1251 1919 1323 1986 eius
1349 1920 1413 1988 ‘in-

260 2025 401 2091 dicibus’
429 2026 534 2112 ipsam
558 2027 769 2094 Artemonem
797 2031 834 2093 ut
856 2027 1042 2093 Plautinum
1069 2030 1274 2094 numeratam
1296 2027 1413 2113 fuisse,

260 2132 442 2219 significavi
465 2134 631 2223 Parergon
653 2159 685 2221 p.
707 2136 772 2202 243
796 2134 869 2201 adn.

808 2328 856 2384 111.

349 2457 438 2523 Festi
462 2459 604 2544 epitome
623 2482 653 2544 p.
668 2457 743 2543 275,
757 2459 792 2523 4:
817 2456 956 2524 ‘renim
980 2457 1132 2524 dicebant
1153 2479 1214 2542 pro
1238 2457 1413 2543 raucitate,

260 2565 342 2630 unde
367 2570 399 2630 et
421 2568 558 2632 uerbum
580 2567 706 2651 rauio,
728 2564 884 2632 ronias?
929 2564 1037 2651 Ipsius
1060 2564 1150 2631 Festi
1174 2569 1303 2631 servata
1327 2565 1411 2633 haec

261 2677 337 2738 sunt
358 2696 389 2758 p.
413 2674 488 2759 274,
512 2675 568 2740 29:

1121 2797 1239 2863 Rauim
1264 2799 1349 2864 anti·

348 2906 404 2988 qai
439 2906 578 2972 dicebaut
607 2928 668 2989 pro
709 2908 867 2972 raucitate.
891 2905 1040 2972 Plautus:
1063 2906 1120 2971 ubi
1143 2905 1249 2990 siquid
1272 2929 1350 2991 pos-

350 3020 864 3094 carnasanarau-anposcamprias.
888 3014 984 3080 item:
1030 3012 1234 3097 experiuraui
1274 3011 1350 3078 her·

226 3151 241 3200 7
349 3119 393 3185 cle
437 3122 544 3186 omnia
583 3122 627 3186 ad
663 3142 792 3186 raaeam
829 3121 945 3186 renim.
991 3125 1025 3186 et
1046 3120 1080 3185 in
1104 3120 1277 3186 artemoni:
1311 3125 1352 3186 et

350 3277 678 3292 .......
716 3227 867 3295 Caecilius
890 3228 923 3294 in
946 3227 1224 3313 Hypobolimaeo:
1257 3227 1352 3311 prius

320 3365 322 3369 ·
349 3335 392 3400 ad
411 3337 518 3401 rasim
564 3385 838 3400 ......
890 3340 983 3403 atam
1006 3334 1120 3400 feceris

259 3480 412 3544 arrasia
443 3479 600 3563 scriptum
634 3501 704 3544 esse
736 3479 771 3543 in
798 3476 920 3561 codice,
952 3482 989 3542 ut
1017 3498 1116 3560 supra
1138 3476 1177 3541 fr.
1201 3476 1223 3543 5
1244 3479 1411 3557 artimerre,

261 3588 402 3650 testatus
433 3590 482 3650 eat
511 3586 638 3652 Keilius
668 3586 750 3652 Mus.
773 3585 875 3650 Rhen.
905 3608 935 3651 n.
958 3583 1005 3649 VI
1029 3583 1073 3671 (a.
1099 3583 1199 3669 1848)
1229 3607 1260 3669 p.
1283 3586 1353 3650 624
1375 3590 1411 3651 et

262 3693 335 3757 625.
370 3729 408 3738 -
444 3692 492 3757 De
516 3693 619 3758 altero
643 3694 790 3778 exemplo
814 3693 981 3777 Plautino,
1010 3690 1096 3778 quod
1119 3695 1169 3757 est
1192 3690 1410 3777 Cistellarise,

261 3798 327 3864 dixi
351 3820 454 3888 nuper
476 3799 560 3867 Nou.
583 3822 703 3866 excurs.
726 3823 757 3885 p.
781 3800 833 3866 53.

665 4104 721 4171 VI.
766 4102 1003 4170 ASTRABA.

351 4249 480 4316 Nomen
509 4249 593 4315 unde
620 4249 759 4315 inditum
788 4249 833 4314 sit
858 4248 1004 4332 fabulae,
1036 4247 1131 4312 docet
1157 4245 1283 4312 Probus
1310 4245 1408 4312 initio

262 4357 487 4424 commentarii
520 4357 554 4421 in
578 4355 714 4441 Vergilii
743 4355 897 4422 Bucolica
930 4379 959 4441 p.
983 4357 1014 4437 2,
1037 4356 1079 4420 23
1113 4351 1161 4418 ed.
1184 4351 1282 4417 Keil:
1314 4351 1409 4420 ‘sant

263 4470 372 4532 autem
396 4464 577 4530 astrabae
601 4463 749 4529 uehicula
771 4462 858 4529 dieta
880 4462 968 4543 παρὰ
990 4463 1028 4528 τὸ
1051 4464 1092 4543 μὴ
1116 4461 1319 4542 «aaran
1343 4482 1409 4547 quo
