2932 5026
190 301 255 365 272
581 319 617 364 m
640 318 752 364 vrrnn
776 316 946 364 nnnnrrn

191 459 323 524 Beierus
347 458 381 523 in
404 457 470 524 Gie.
492 458 581 524 Lael.
603 481 633 542 p.
655 459 715 523 141
728 456 770 545 ²¹⁵),
794 457 944 543 Vngerus
968 458 1007 523 de
1031 456 1143 542 Valgii
1166 457 1243 523 Rufi
1265 479 1339 543 poe

137 590 176 632 sss
190 566 288 631 matis
318 589 349 651 p.
375 565 439 631 154
454 586 522 649 sqq.
551 565 633 630 conl.
662 586 854 630 excursuum
882 588 912 650 p.
935 563 1015 649 443,
1047 563 1175 630 Keilius
1205 564 1227 628 l.
1254 585 1281 630 s.
1308 586 1342 647 s,

190 676 357 757 postremo
389 672 422 736 in
455 670 654 737 nitidissima
686 671 829 737 Terentii
866 671 1008 736 editione
1040 669 1196 735 Alfredus
1229 669 1341 736 Fleck-

192 779 327 844 eisenus.
364 778 508 855 Quorum
527 782 638 845 tamen
656 780 783 845 nullum
801 779 835 844 id
859 779 945 863 quod
963 800 1074 843 rerum
1096 776 1214 842 haberi
1235 778 1343 863 possit

192 884 379 949 adsecutum
402 889 567 969 putamus:
591 886 676 970 quod
700 908 772 950 eum
796 885 930 970 longum
954 883 998 949 sit
1021 883 1216 970 singillatim
1235 905 1343 969 perse-

191 991 255 1074 qui,
278 991 313 1055 in
335 991 448 1074 paucis
472 992 568 1057 nobis
592 991 835 1057 subsistendum
858 991 1089 1075 intellegimus.
1125 989 1176 1056 Ao
1199 991 1344 1076 primum

192 1097 323 1180 quidem
347 1120 419 1164 eum
443 1120 572 1163 versum
596 1099 650 1183 qui
675 1102 725 1163 est
747 1099 871 1163 medius
894 1120 960 1164 non
978 1097 1117 1164 vidimus
1137 1119 1157 1162 a
1175 1118 1345 1182 quoquam

192 1203 239 1267 ita
262 1203 510 1290 conformatum,
534 1205 614 1290 quin
637 1209 694 1271 aut
716 1206 813 1270 nimis
837 1206 961 1289 asperis
985 1208 1041 1271 aut
1058 1204 1158 1270 nimis
1176 1204 1344 1270 debilibus

191 1313 334 1378 numeris
357 1313 485 1380 incedat
509 1316 566 1378 aut
588 1313 630 1378 ab
654 1317 793 1398 utroque
815 1334 932 1399 genere
955 1313 1090 1378 laboret.
1122 1310 1252 1377 Nervos
1276 1333 1344 1378 non

192 1418 292 1483 habet
316 1440 411 1502 quem
436 1417 601 1506 Scaligoro
625 1419 704 1484 duce
728 1420 872 1503 plerique
896 1418 1017 1484 exitum
1039 1419 1223 1502 probarunt
1241 1419 1343 1501 aena·

193 1525 248 1590 bris
270 1526 378 1603 dabat;
402 1527 502 1591 durus
521 1529 572 1591 est
590 1528 623 1590 et
641 1526 808 1612 inelegans
832 1526 990 1610 dactylico
1013 1524 1171 1591 vocabulo
1196 1546 1343 1610 eompre-

192 1633 311 1697 hensus
344 1632 492 1716 dactylus
524 1632 664 1717 Poblins,
696 1632 781 1716 quod
812 1653 931 1697 nomen
964 1653 981 1695 e
1006 1631 1134 1713 propnlie
1166 1630 1254 1695 idern
1289 1630 1345 1695 ille

193 1735 338 1823 Scaliger
362 1737 538 1822 efficiebat,
568 1738 621 1803 vel
648 1760 722 1803 cum
744 1739 864 1822 rabidae
885 1744 922 1810 et,
934 1737 1057 1820 popellis
1079 1737 1173 1804 dabat
1200 1736 1267 1803 fuit
1288 1737 1344 1822 qui

283 1930 308 1999 ⁸)
332 1930 424 1985 Bsisri
447 1930 545 1997 verba,
573 1930 673 1999 quibus
692 1930 961 2001 disputatiunculam
980 1947 1059 1984 suam
1079 1929 1229 1998 conclusit,
1257 1929 1345 1985 animi

194 2035 293 2073 caussa
311 2017 457 2087 adscripsi:
479 2018 677 2089 ‘fragmentum
697 2019 772 2074 enim
791 2023 951 2091 corruptum
970 2036 1030 2075 esse
1045 2021 1132 2090 atque
1146 2018 1344 2075 emendatione

194 2108 286 2161 adhue
306 2123 401 2176 egere,
425 2106 519 2163 sobria
536 2107 642 2178 ingenii
661 2109 786 2164 sollertia
803 2109 910 2163 iudicat
927 2109 1011 2179 longe
1029 2106 1219 2179 peritissimus
1238 2106 1346 2163 arbiter

194 2197 266 2266 Aug.
287 2195 465 2251 Weichertus
483 2196 512 2250 in
530 2196 691 2267 pererudita
709 2199 929 2253 commendatione
947 2198 980 2252 de
1001 2196 1029 2252 0.
1050 2195 1149 2266 Valgia
1167 2194 1248 2263 Raso
1261 2200 1344 2264 poeto

193 2284 317 2353 (Grimae
341 2301 374 2339 ex
398 2284 470 2339 oilie.
493 2283 667 2340 Goesohenia
686 2291 763 2340 182⁷.
787 2287 823 2351 4.)
845 2285 945 2355 fragm.
964 2285 1054 2340 ΠΗ]
1091 2283 1234 2339 Nimirum
1259 2283 1343 2353 plane

194 2372 237 2427 sui
256 2373 357 2428 similis
374 2373 550 2429 Weichertus
569 2372 664 2428 extitit
682 2373 758 2427 Poet.
779 2374 828 2429 lat.
848 2374 928 2443 reliq.
947 2392 975 2444 p.
995 2379 1046 2427 239
1061 2390 1113 2441 sq,
1141 2388 1237 2427 rerum
1260 2370 1342 2427 inuti·

193 2462 263 2516 lium
282 2463 358 2516 strue
376 2448 519 2529 molestus,
538 2461 625 2517 hebes
644 2461 758 2518 iudicio.
782 2493 815 2502 —
840 2461 969 2517 Ceterum
987 2461 1109 2531 nequid
1128 2460 1341 2528 desideraretur,

194 2550 367 2605 infructuosa
386 2549 553 2603 emendandi
572 2550 720 2605 conanima
736 2550 853 2606 duorum
867 2567 995 2605 versuum
1009 2550 1135 2621 priorum
1147 2548 1224 2605 inira
1237 2548 1340 2620 scripsi.

193 2640 257 2694 Hae
274 2656 344 2708 qaae
362 2643 499 2693 necantur
517 2639 630 2705 sabatae
641 2639 772 2706 Terentii,
790 2639 856 2693 Non
874 2639 923 2693 tas
941 2640 990 2708 qai
1007 2639 1202 2694 inraPoble'us
1218 2639 1342 2709 panon

193 2730 277 2783 dabat
296 2728 431 2799 Scaliger.
468 2728 533 2783 Hae
550 2745 619 2798 qnae
637 2734 774 2783 wconstar
792 2728 905 2794 fabulae
922 2729 1014 2792 buires,
1032 2732 1118 2783 nonn'
1137 2745 1184 2784 eas
1204 2729 1261 2799 Qui
1278 2730 1341 2783 iura

189 2818 318 2886 populis,
343 2818 411 2886 lenes
432 2818 558 2887 aaaron
582 2818 667 2872 dabat
690 2816 863 2887 Rutgersius.
903 2817 1085 2873 Terentianae
1108 2819 1182 2886 qnae
1205 2823 1342 2873 comatur

193 2906 305 2971 fabalem
324 2907 404 2960 caiae
419 2906 509 2961 aieret?
536 2906 603 2960 Non
620 2907 670 2961 brie
688 2907 737 2976 qni
754 2909 820 2962 iura
837 2907 956 2976 pripnlis,
974 2923 1060 2977 regna
1077 2907 1240 2962 ndtionsbsia
1258 2907 1341 2962 dabat

195 2993 333 3047 Barthius.
372 2994 435 3048 Hae
456 3011 526 3063 qnae
548 3001 685 3050 necantur
708 2997 856 3063 (notaretur
874 2997 972 3065 nuper)
994 2995 1108 3062 sabatae
1125 2996 1240 3050 cuiaene
1256 2994 1342 3049 sunt?

194 3081 260 3135 Non
278 3082 329 3135 luas
347 3083 395 3151 qni
410 3071 479 3137 'iura
492 3084 607 3152 populis
625 3085 685 3139 crad'
705 3084 786 3139 nina
804 3085 883 3152 (enm
900 3085 982 3139 hidae
995 3085 1093 3154 nuper)
1111 3083 1199 3138 dabat
1218 3082 1342 3138 Botlriua

196 3171 266 3224 Cum
281 3170 428 3240 Rutgersio
446 3170 582 3226 facientes
600 3171 630 3226 in
648 3171 739 3240 primo
758 3189 837 3227 versu
858 3172 914 3242 Qui
927 3173 993 3226 iura
1003 3172 1118 3241 papalia
1131 3172 1344 3241 implorantibus

194 3259 250 3328 (vel
269 3261 509 3330 admonentibus)
528 3261 614 3316 dabat
632 3260 753 3330 Beierus,
774 3262 830 3332 Qui
843 3263 909 3316 iera
918 3262 1041 3330 populis,
1058 3277 1133 3330 repes
1149 3261 1279 3331 portibus
1295 3262 1343 3317 da·

196 3349 241 3404 bat
260 3349 395 3418 Vngerus.
431 3349 508 3404 Tnae
525 3367 595 3419 quae
612 3355 749 3406 ancarana
766 3351 886 3417 sabatae,
904 3367 960 3404 non
979 3355 1044 3405 sant
1062 3350 1133 3406 tuae.
1161 3350 1269 3405 Nonne
1285 3351 1344 3415 tus,

195 3439 243 3506 qni
261 3439 326 3493 iura
344 3439 453 3509 reniteas
471 3444 496 3493 et
508 3439 623 3509 papalis
641 3439 726 3494 dabat
744 3438 859 3497 Keilius.
890 3439 967 3495 Tuae
984 3456 1054 3510 qaae
1072 3442 1211 3494 manian
1230 3439 1345 3507 [addae

195 3529 307 3582 crriaene
324 3529 409 3583 sant?
437 3528 503 3582 Non
521 3529 586 3593 tras,
605 3529 653 3596 qni
671 3529 737 3582 inra
757 3529 873 3598 Poplius
892 3529 977 3584 dabat
994 3530 1120 3599 gentibus
1137 3528 1343 3584 Fleckeisenus.

197 3645 229 3655 -
248 3615 387 3668 Nimirum
406 3615 507 3670 Bothio
526 3615 679 3684 Beieroque
698 3616 789 3671 fraudi
808 3616 862 3671 suit
880 3616 1097 3672 Lindenbruchii
1116 3635 1143 3687 p.
1155 3623 1207 3672 622
1228 3618 1344 3673 ed.Pu.

194 3702 265 3756 haec
284 3703 443 3758 adnotatio:
473 3703 632 3759 ‘Terentius
650 3706 746 3777 dabat]
766 3707 809 3761 Ita
828 3723 862 3762 er
879 3720 943 3761 ruse.
963 3706 1124 3761 restitutum
1142 3709 1199 3774 est,
1225 3725 1344 3776 qnorum

193 3793 266 3846 alter
288 3791 327 3846 sie
350 3793 437 3848 habet
456 3834 572 3848 .....
592 3795 718 3850 ernd's'bne
739 3797 844 3852 dabat!
883 3796 960 3862 Quae
983 3796 1012 3851 in
1036 3796 1160 3851 editione
1177 3795 1344 3851 Franeoiun

193 3881 266 3936 tensi
286 3881 325 3936 sio
344 3884 454 3939 mutata
473 3885 537 3938 sunt
556 3901 582 3953 p.
603 3890 667 3940 632:
700 3884 830 3954 ‘Popnls's
852 3886 978 3941 encd'a'bas
1001 3886 1097 3955 dabat]
1140 3885 1186 3941 na
1202 3898 1269 3940 usa.
1288 3886 1341 3941 Da

193 3968 283 4022 nielis.
314 3969 389 4040 vulg.
404 3971 561 4040 petentibus
579 3972 671 4028 dabat.
700 3973 736 4029 al.
756 3973 973 4030 secernentibns!
1013 3972 1092 4028 Nulli
1113 3973 1227 4028 fuerunt
1251 3972 1342 4029 ‘resa’

195 4057 330 4127 Danielis,
348 4060 396 4115 sed
416 4077 486 4113 unus
505 4073 553 4114 ure.
591 4059 632 4114 Ex
658 4061 717 4116 eius
736 4061 860 4132 margine
879 4064 945 4130 (non
966 4061 1012 4117 ‘er
1029 4061 1118 4129 aiss’)
1137 4061 1299 4117 adscivcrrn
1316 4062 1344 4116 in

195 4147 351 4201 Parisinam
373 4148 515 4203 Terentius
534 4166 641 4204 nomen.
681 4149 768 4215 Quem
790 4150 933 4205 ‘alueum’
954 4149 1037 4218 dicit,
1056 4167 1111 4204 non
1130 4148 1185 4203 init
1203 4149 1277 4205 alter
1294 4150 1344 4204 Pa·

195 4236 296 4290 risinus
315 4239 409 4291 noster
429 4243 511 4304 7921,
539 4239 588 4291 sed
607 4241 657 4293 aut
675 4238 825 4294 Contianus
843 4243 963 4309 utputo
982 4241 1031 4294 aut
1051 4238 1226 4295 Cuiaoianus.
1264 4240 1344 4294 Prae·

194 4329 273 4379 terea
291 4323 340 4393 qui
354 4325 509 4393 petenatibns
528 4325 647 4381 ediderit
665 4343 721 4381 non
739 4328 829 4399 magis
845 4328 1008 4397 noviquum
1024 4328 1252 4397 quindennem,
1270 4328 1345 4398 quod

195 4413 226 4468 in
245 4431 357 4468 suarum
377 4412 530 4468 editionum
551 4414 703 4470 novissima
720 4417 843 4472 testatur
861 4417 986 4471 Bothius.
