2956 5018
553 341 806 390 uoorsrorrors.
1184 325 1248 389 411

139 493 186 557 700
208 487 357 575 pervenit.
402 485 505 564 Quem
535 486 594 550 etsi
624 485 783 568 suspicari
807 485 896 570 licat,
927 506 990 551 non
1016 489 1126 550 tamen
1150 486 1251 550 scitur

139 596 263 661 firmitate
284 592 480 661 valetudinis
504 591 700 657 excelluisse.
725 629 765 637 -
795 591 905 677 Longe
929 596 1037 656 autem
1060 591 1250 675 planissimo

137 702 298 768 documento
320 701 354 767 id
377 701 463 785 quod
482 700 629 764 volumus
654 721 692 764 eo
716 700 906 785 logistorico
929 699 1087 783 probatur
1111 699 1164 782 qui
1188 698 1252 763 fuit

138 806 304 875 desoou'ois
317 807 496 893 orr'gr'rirbtes.
519 805 605 871 Eum
622 806 708 870 euim
723 807 865 872 dubitari
885 806 999 890 nequit
1018 807 1094 890 quin
1109 805 1250 871 Scauro

140 914 218 981 Varro
232 914 432 1000 inscripserit
449 918 583 998 propter
601 914 763 999 insignem
783 913 939 997 ludorum,
963 913 997 977 in
1019 913 1071 978 his
1091 915 1251 978 scaenico-

140 1043 201 1104 rnn,
225 1020 497 1107 magnificentiam
530 1020 571 1083 ab
600 1019 643 1085 M.
672 1020 810 1084 Aemilio
839 1019 960 1085 Scauro
993 1020 1098 1084 aedile
1130 1044 1157 1084 a.
1186 1021 1251 1085 695

141 1127 278 1194 editorum:
309 1128 348 1192 de
376 1150 441 1212 qua
468 1126 616 1191 ludorum
645 1125 814 1211 opulentia
842 1126 914 1192 vide
942 1128 1137 1212 scriptorum
1160 1129 1251 1192 testi·

143 1235 222 1301 nonin
242 1259 261 1301 a
282 1233 464 1301 Schubcrto
488 1238 645 1319 congesta
668 1233 706 1297 de
731 1233 822 1297 Rom.
846 1234 938 1298 aedil.
962 1257 992 1318 p.
1012 1235 1086 1299 419.
1131 1234 1250 1299 Mirum

145 1339 305 1407 iunodum
338 1366 359 1408 a
389 1364 466 1408 vero
498 1341 624 1425 Popma
656 1340 833 1424 aberravit,
872 1340 977 1425 egisse
1005 1339 1185 1407 Varronem
1216 1343 1251 1406 iu

144 1442 245 1531 bruto,
269 1448 360 1513 cuius
382 1449 519 1513 alteram
544 1447 788 1531 inscriptionem
812 1447 999 1531 ignorabat,
1027 1447 1064 1511 de
1094 1447 1250 1513 aediliciis

146 1553 279 1620 coniciens.
323 1554 418 1620 Hunc
449 1544 557 1621 autem
587 1554 813 1639 logistoricum
837 1559 966 1638 praeter
990 1554 1187 1639 reliquorum
1211 1556 1250 1619 si·

146 1658 323 1729 militudinem
347 1685 414 1727 non
436 1685 501 1728 uno
525 1662 638 1745 fuisse,
666 1661 720 1725 sed
749 1660 896 1745 pluribus
926 1661 1018 1725 libris
1043 1662 1250 1746 comprehen-

149 1786 199 1831 sun
214 1764 324 1852 (tribus
343 1774 380 1833 ut
398 1766 550 1853 videtur),
573 1792 637 1833 non
657 1771 794 1851 possunt
811 1767 956 1852 profecto
976 1791 1041 1833 non
1060 1769 1251 1853 persuadere

149 1892 219 1954 supra
237 1875 412 1961 composita
435 1873 548 1960 Servii,
571 1874 724 1958 Charisii,
747 1873 916 1940 Censorini
940 1875 1138 1959 testimonia,
1160 1898 1250 1960 pror-

148 1998 186 2041 ua
205 2000 238 2058 ea
258 1982 303 2047 ita
330 1985 519 2067 comparata
545 1985 596 2066 ut,
628 1982 656 2046 si
685 1981 761 2066 quid
791 1982 825 2046 iu
855 1982 917 2069 hoc
948 2003 1065 2066 genero
1096 1983 1251 2048 similium

148 2088 308 2169 conparatio
343 2090 444 2173 valet,
476 2111 539 2154 uno
574 2089 723 2173 exemplo
754 2094 918 2155 servatum
950 2074 1082 2175 plenum
1114 2090 1251 2155 iudicem

149 2200 269 2275 opaea
295 2196 369 2261 nliis
398 2196 479 2262 loeis
506 2219 564 2280 per
590 2201 699 2281 partes
730 2219 805 2261 suos
833 2196 1032 2281 discerptum
1056 2198 1252 2263 articulatim

149 2303 369 2388 admemorari,
401 2303 583 2387 promiscue
612 2304 707 2368 modo
736 2326 756 2368 a
783 2304 913 2369 nomine
941 2305 1036 2370 modo
1065 2305 1252 2371 arefacta

149 2407 337 2487 apellatione.
374 2409 464 2488 Quae
487 2411 708 2475 inconstantia
732 2410 818 2495 quod
841 2411 903 2475 hoc
926 2413 1071 2495 exemplo
1095 2413 1128 2477 in
1153 2435 1251 2476 unum

149 2511 306 2603 sudemque
331 2518 522 2602 scriptorem
546 2518 634 2582 cadit
659 2515 855 2601 Charisium,
879 2516 912 2580 id
935 2517 1067 2581 levioris
1091 2540 1161 2582 esse
1186 2541 1251 2584 mo·

149 2621 329 2689 cardineo
354 2623 567 2710 grammatico
592 2629 736 2708 apparet,
760 2624 814 2709 qui
837 2646 903 2687 nou
928 2646 1004 2688 suae
1028 2625 1158 2689 lectioni
1182 2649 1253 2709 pro·

148 2714 195 2786 bia
215 2729 395 2795 testimonia
422 2731 550 2814 debeat,
584 2731 639 2794 sed
668 2732 708 2796 ob
738 2731 976 2816 antiquioribus
1005 2732 1171 2816 magistris
1203 2755 1252 2797 ac·

149 2835 337 2922 sanqualis
361 2838 558 2921 repperisset
581 2839 727 2902 servarit.
764 2839 903 2904 Tantum
922 2838 1017 2903 facile
1041 2838 1172 2902 concedi
1195 2862 1252 2922 pu-

148 2932 237 3025 blius,
264 2946 366 3010 multo
395 2944 522 3029 lougius
550 2966 570 3007 a
597 2944 831 3028 probabilitate
860 2944 940 3009 illud
968 2944 1129 3027 recodere,
1162 2950 1254 3010 utet

148 3038 307 3129 iugularem
338 3050 458 3115 librum
482 3050 521 3114 dc
545 3051 700 3114 scaenicis
724 3050 904 3135 originibus
933 3050 1048 3114 fecisse
1077 3054 1110 3114 et
1136 3051 1252 3116 iterum

147 3139 325 3224 draconinis
344 3158 526 3243 originibus
546 3181 585 3222 ue
604 3157 709 3221 iudice
733 3158 862 3242 quidem
883 3158 1008 3221 variato
1032 3158 1137 3223 tribus
1161 3159 1254 3223 libris

147 3263 297 3337 surdae
315 3262 422 3328 Varro
447 3261 702 3347 existimetur&
739 3262 807 3327 Neo
832 3263 1035 3328 mediocriter
1058 3267 1253 3346 πολυβίβλου

147 3390 321 3417 N...

193 3469 213 3539 “)
228 3474 353 3530 Ceterum
367 3474 442 3544 quod
456 3475 488 3528 de
501 3476 632 3528 scomicis
647 3475 801 3543 originibus
820 3474 906 3527 libros
917 3473 1069 3528 Varronem
1085 3476 1177 3530 nescio
1192 3479 1254 3544 quis

145 3560 207 3620 ”ultr
221 3562 287 3618 dixit
304 3563 341 3618 ad
361 3565 567 3618 Διδαεκαλικῶν
586 3581 749 3632 graccorum
768 3562 977 3617 similitudinem
998 3564 1199 3632 composuisse,
1226 3566 1254 3618 id

146 3650 185 3696 Μ
201 3653 281 3723 ungis
304 3652 479 3708 considerato
503 3654 608 3707 dictum
633 3657 676 3708 est
699 3672 783 3721 quam
803 3653 877 3721 quod
897 3652 1081 3708 Schneidcrus
1101 3670 1199 3708 comm,
1220 3655 1254 3708 dc

145 3720 201 3790 lm.
216 3742 268 3796 rito
285 3746 315 3797 et
333 3740 428 3811 script.
447 3761 474 3812 p.
494 3749 546 3796 238
567 3743 689 3797 ciusdem
709 3742 812 3796 librum
831 3741 927 3805 (immo
946 3742 1045 3810 libros)
1063 3743 1096 3796 dc
1111 3745 1200 3810 poetis
1218 3745 1254 3798 ad

144 3810 298 3908 Quina
320 3830 509 3885 imitationem
533 3831 639 3885 factum
662 3832 789 3900 putabat.
827 3830 896 3883 Cum
920 3831 972 3884 hoc
991 3831 1067 3884 cuim
1086 3832 1254 3887 Graecorum

145 3909 243 3974 bl‘titulo
261 3924 335 3975 recte
354 3919 474 3974 conferri
494 3919 536 3973 illi
555 3923 663 3974 brutum
682 3919 748 3973 libri
768 3924 894 3988 possunt,
919 3919 967 3988 qui
991 3919 1103 3975 fuerunt
1121 3923 1154 3975 <lc
1172 3926 1254 3976 aclio-

144 3992 202 4056 Μ
215 4011 354 4065 comicis:
374 4010 409 4063 de
428 4009 529 4078 quibus
549 4009 655 4064 dictum
675 4009 836 4079 Parorgonl
856 4028 883 4077 p.
896 4015 945 4063 179
956 4027 995 4077 sq.
1016 4015 1117 4078 320sq.
1149 4011 1253 4064 llorum

144 4084 211 4147 'ditm
223 4101 314 4167 paucis
329 4100 495 4170 fragmentis
510 4099 661 4153 eCharisio
677 4099 874 4167 Priscianoquc
890 4098 996 4167 pridem
1011 4098 1137 4152 collectis
1153 4116 1254 4153 novum

145 4181 233 4242 Wit-
248 4205 281 4244 ex
298 4189 417 4258 Hauptii
435 4188 619 4259 grammatico
634 4188 668 4241 do
682 4204 774 4256 genor.
791 4205 862 4242 uonr.
879 4206 904 4256 p.
916 4192 963 4241 98:
982 4188 1132 4242 ›S'cobillum
1150 4192 1255 4256 peracris

145 4273 218 4340 mli,
231 4280 300 4334 aaut
316 4295 468 4344 scamnum,
487 4284 518 4332 ut
539 4277 627 4331 Varro
646 4278 676 4330 in
695 4278 849 4330 actionibus
867 4277 1006 4330 scoenicis.
1035 4276 1119 4330 Aliud
1138 4276 1254 4331 fortasse

146 4352 239 4420 ⁸1¹rubo
256 4386 282 4437 p.
302 4374 372 4423 lero
392 4368 421 4422 P.
446 4367 618 4421 addendum:
651 4367 787 4434 sinciput,
814 4366 965 4433 sincipitis,
1000 4366 1088 4419 Varro
1108 4367 1201 4435 poscrit
1225 4368 1255 4419 in

146 4439 233 4509 delia,-
259 4475 327 4529 qnas
350 4457 462 4515 litteras
485 4457 532 4528 qui
555 4457 701 4512 uobiscum
725 4474 758 4512 cx
782 4455 891 4527 integro
916 4454 1095 4527 octiolnibus]
1119 4453 1255 4510 vocabulo
