2932 5026
180 111 246 174 540
512 127 628 174 oanan
651 109 796 173 vauao’s
821 125 998 173 insomvn

180 270 314 351 Ennius,
337 269 481 353 Ovidius,
504 267 674 334 Cornelius
692 268 839 352 Severus,
864 267 1021 333 Serranus
1040 268 1127 331 enim
1145 267 1197 351 qui
1213 271 1321 351 sequi-

180 383 232 441 tnr
256 376 288 462 (e
312 377 497 441 coniectura
521 375 651 462 Sarpii),
685 377 753 441 sive
781 377 871 441 ouius
899 397 1017 440 nomen
1046 396 1085 440 eo
1113 374 1183 439 loco
1204 375 1317 443 substi-

180 484 343 566 tuendum,
366 507 431 548 non
456 484 561 568 magis
586 483 724 548 fortasse
750 504 846 567 quam
870 480 1020 546 Valerius
1044 481 1178 546 Flaccus
1199 503 1217 545 a
1236 479 1315 548 Var-

179 613 257 656 rone
287 591 534 656 commemorari
564 591 684 674 potuit,
717 595 841 673 septem
871 611 968 672 porro
996 592 1223 653 enumerantur
1247 609 1312 656 ors·

178 701 266 761 tores
289 700 309 777 ἓ
335 698 399 761 105
414 718 475 780 squ
500 694 625 779 Cicero,
649 695 783 759 Asinius
808 695 928 779 Pollio,
954 695 1117 777 Messalla,
1140 692 1174 758 Ο.
1195 690 1306 783 Caesar,

179 802 325 886 (laelius,
356 802 488 885 Calvus,
522 801 652 867 Servius
677 801 847 886 Sulpicius.
903 800 1037 866 Cassius
1071 801 1157 866 enim
1188 799 1302 870 &verus

179 910 234 993 qui
258 909 403 993 seqnitur
427 907 470 973 ‘si
496 910 611 974 ceteris
636 909 810 973 virtutibus
834 909 973 973 colorem
997 913 1031 973 et
1054 909 1241 993 gravitatem
1260 911 1299 974 ad·

178 1017 321 1099 iecisset,
352 1018 519 1100 ponendus
550 1017 634 1082 inter
665 1018 848 1098 mosomum
877 1014 983 1080 foret?
1009 1072 1015 1082 .
1038 1014 1149 1079 Verba
1176 1015 1293 1100 denique,

179 1146 261 1207 qnae
292 1123 491 1188 instituendo
522 1124 661 1188 delectui
692 1122 858 1207 praefatus
888 1126 939 1186 est
962 1121 1198 1198 Quinctilianus
1219 1122 1293 1202 §452

179 1228 331 1293 ‘Interim
360 1230 548 1294 summatim
576 1229 653 1314 qnid
687 1234 719 1294 et
747 1253 766 1293 a
793 1251 858 1314 qua
885 1229 1023 1293 lectione
1052 1231 1161 1311 petere
1188 1227 1292 1310 possint

179 1335 235 1418 qui
264 1336 455 1400 confirmare
479 1336 668 1401 facultatem
693 1336 819 1401 dicendi
842 1336 968 1419 volent,
992 1333 1162 1419 attingam.
1204 1332 1293 1397 Ραιιωε

179 1443 273 1526 enim,
297 1443 352 1527 qui
376 1450 452 1507 sunt
474 1445 721 1522 eminentissimi,
743 1464 898 1526 exsupero
921 1443 954 1506 in
978 1442 1087 1506 animo
1114 1442 1171 1503 est.
1214 1437 1295 1530 Facie

179 1551 229 1612 est
253 1554 361 1613 autem
386 1550 549 1631 studiosis,
573 1550 627 1633 qui
652 1551 718 1613 sint
740 1550 792 1614 his
816 1549 976 1613 simillimi
999 1548 1155 1628 iudicare,
1178 1544 1296 1629 nequis

178 1677 276 1739 quam
296 1661 459 1739 queratur,
478 1655 616 1720 omissos
635 1655 719 1719 forte
739 1656 877 1739 aliquos,
896 1675 976 1738 quos
995 1653 1067 1736 ipse
1087 1651 1181 1717 valde
1198 1647 1298 1735 probet'

179 1766 211 1825 et
234 1765 254 1841 ξ
278 1762 337 1827 57:
372 1760 457 1826 ‘Nec
485 1783 559 1825 sane
588 1762 760 1845 quisquam
789 1765 839 1825 est
867 1765 934 1824 tarn
962 1759 1075 1844 procul
1099 1780 1120 1822 a
1142 1758 1300 1845 cognitione

178 1866 511 1951 eorum(poeta1·um)
535 1871 694 1950 remotus,
728 1870 853 1932 utnon
875 1866 1013 1932 indicem
1037 1868 1125 1929 certe
1150 1886 1188 1928 ex
1209 1863 1302 1929 biblio

178 1972 273 2036 theca
296 1976 462 2057 sumptum
486 1973 663 2036 transferre
687 1974 721 2037 in
745 1973 848 2039 libros
872 1995 947 2038 suos
970 1970 1092 2057 possit'
1123 1992 1228 2037 nonne
1248 1970 1306 2035 ube·

178 2080 273 2144 rioris
296 2080 397 2144 fontis
421 2079 607 2163 admonent,
631 2103 727 2165 quem
751 2084 826 2144 ante
851 2080 962 2145 oculos
981 2078 1136 2144 habuerit
1152 2078 1222 2162 ille,
1242 2075 1308 2142 nude

177 2209 270 2250 suam
290 2186 458 2250 materiam
477 2187 645 2269 delibaret,
664 2211 728 2272 quo
747 2189 869 2253 factum
888 2188 1024 2270 videtur,
1043 2190 1082 2252 ut
1101 2186 1222 2252 alicubi
1239 2186 1310 2251 illius

138 2312 162 2352 u
178 2295 371 2377 exemplaris
395 2294 534 2379 vestigia
558 2294 743 2359 diluceant‘?
778 2294 866 2370 Quae
886 2294 914 2359 si
933 2293 1045 2359 omnis
1063 2292 1244 2379 collegeris,
1261 2292 1312 2356 hoc

177 2406 264 2465 certe
279 2402 405 2466 efficere
420 2401 578 2485 videntur,
602 2405 720 2466 utnon
741 2401 911 2466 fortuitam
930 2421 1000 2465 esse
1020 2402 1148 2484 septem
1167 2400 1314 2484 pictorum

176 2506 368 2571 societatem
392 2509 570 2572 credamus.

265 2611 512 2676 Hebdomadum
536 2634 593 2695 per
615 2613 716 2678 libros
740 2614 984 2696 dispositionem
1011 2612 1232 2676 aRitschelio
1255 2634 1315 2695 pro

175 2718 316 2800 positam
346 2718 441 2782 nobis
470 2741 597 2802 quoque
626 2741 823 2804 magnopere
852 2719 984 2804 probari
1012 2720 1080 2783 iam
1106 2719 1315 2804 significatum

175 2829 235 2904 est,
259 2824 314 2887 sed
339 2829 465 2888 restant
489 2827 646 2908 quaedam
671 2814 832 2892 monenda
856 2827 987 2889 levioris
1012 2827 1182 2891 momenti.
1220 2828 1316 2908 Atque

176 2928 305 2992 Graecis
334 2933 367 2991 et
389 2929 545 2994 Romanis
574 2933 754 2998 illustribus
787 2933 924 2997 totidem
954 2933 1055 2997 libros
1085 2955 1208 3017 cosque
1236 2932 1318 2996 alter·

174 3040 288 3097 nantes
314 3033 493 3100 Varronem
516 3039 669 3103 tribuisse
695 3041 804 3123 utique
827 3061 940 3102 verum
964 3061 1034 3102 esse
1058 3043 1208 3123 apparet.
1244 3035 1318 3101 Nam

175 3139 202 3203 si
218 3141 304 3204 intra
319 3143 412 3205 unius
432 3144 508 3207 libri
528 3145 746 3210 hebdomades
762 3147 903 3210 Graecos
920 3145 1152 3231 Romanosque
1173 3145 1319 3209 voluisset

175 3247 459 3329 comprehendere,
491 3253 524 3312 et
547 3250 785 3316 hebdomadum
810 3256 842 3315 et
866 3252 947 3316 adeo
972 3250 1157 3336 imaginum
1184 3251 1319 3333 utrisque

175 3351 366 3416 tributurum
393 3376 545 3420 uumerus
569 3358 751 3441 inaequalis
775 3380 929 3422 evasurus
953 3363 1050 3441 esset,
1074 3379 1140 3441 qno
1165 3356 1317 3422 concinni·

175 3456 252 3518 tutis
277 3458 340 3539 legi
367 3461 515 3542 religiose
539 3463 730 3527 observatae
754 3465 983 3528 detrimentum
1009 3464 1184 3527 afferretur
1207 3463 1319 3548 gravis·

174 3560 300 3625 simum.
353 3563 465 3647 ltaque
493 3568 574 3631 nihil
604 3577 752 3652 superest
783 3573 845 3635 nisi
874 3571 949 3653 hoc,
983 3574 1020 3633 ut
1048 3569 1200 3653 integros
1229 3570 1319 3634 libros

173 3670 323 3747 septenos
348 3671 480 3734 Graecis
510 3675 694 3756 permiserit
722 3677 925 3761 totidemque
949 3698 1023 3740 oum
1047 3675 1100 3739 his
1126 3678 1318 3740 alternantes

176 3771 336 3836 ltoruuuis.
383 3778 579 3843 Graecorum
604 3804 680 3846 vero
704 3787 738 3847 et
759 3784 982 3848 Romanorum
1007 3783 1264 3866 appellationem
1286 3802 1319 3844 co

171 3877 321 3942 dilatuvit·
337 3880 532 3950 ll-itschelius
552 3910 581 3970 p.
598 3887 671 3969 Vll,
690 3895 727 3953 ut
746 3913 805 3974 pro
820 3890 885 3954 illis
900 3890 1022 3954 rectius
1037 3894 1178 3972 exteros,
1198 3911 1257 3973 pro
1274 3887 1319 3951 his

176 3980 274 4045 ltulos
294 3986 492 4055 substituere
513 3994 632 4057 mallet.
656 3994 717 4059 Cui
736 3997 783 4060 rei
802 4000 914 4060 tamen
932 3997 995 4061 hoo
1010 3996 1178 4062 adversari
1194 3995 1320 4074 videtur,

170 4088 254 4170 ‹lirrrd
280 4089 498 4173 Pythagoram
522 4099 725 4183 ‘Rheginum
750 4125 786 4165 cx
813 4101 927 4166 ltalia'
950 4103 1052 4185 (Plin.
1070 4101 1111 4166 N.
1125 4102 1168 4167 H.
1187 4098 1318 4166 XXXIV

172 4198 191 4270 p·
216 4192 273 4253 sub
308 4195 390 4259 int-er
423 4203 619 4269 (tr-uecornm
653 4207 886 4272 statuariorum
919 4208 1157 4273 hebdomadem
1188 4210 1318 4274 relatum
