2932 5026
148 296 210 362 178
501 313 718 363 rasennam
741 315 927 365 universa

145 461 282 541 apparet
312 479 378 522 non
409 459 494 524 inter
525 460 603 525 uina
635 459 732 526 modo
764 460 956 544 murrinam,
988 459 1044 525 sed
1072 460 1159 526 inter
1186 459 1294 526 dulcia

144 585 271 648 quoque
303 565 531 631 nominatum'.
564 604 606 615 -
638 567 689 633 lbi
722 589 787 633 non
819 569 954 634 alieuius
981 573 1098 653 poetae
1126 566 1293 663 Dossenni

144 672 243 736 verba
265 672 405 756 proferri
429 695 448 736 a
470 671 591 758 Plinio,
614 673 671 738 sed
695 674 762 738 sive
786 676 1034 760 grammaticum
1059 681 1116 741 aut
1138 676 1291 761 antiqua·

143 778 228 843 rium
249 781 317 844 sive
336 781 416 845 iuris
436 781 619 845 consultum
631 779 655 867 ¹)
674 779 808 846 Fabium
829 781 1035 847 Dossennum
1053 778 1120 868 (vel
1135 780 1295 849 ‘Dorsen-

144 885 248 971 num’,
271 891 308 951 ut
331 891 381 952 est
403 889 438 952 in
451 887 612 952 Vaticano
637 910 717 971 apr.
732 886 788 974 m.)
812 887 886 973 dici,
908 889 963 974 qui
985 911 1139 955 versuum
1163 890 1295 956 illorum

143 994 333 1061 testimonio
362 995 525 1059 murrinae
555 995 587 1059 h.
611 1016 636 1059 e.
660 994 727 1058 vini
750 1017 861 1060 murra
883 995 1006 1061 conditi
1029 996 1116 1081 apud
1139 996 1296 1082 antiquos

144 1124 239 1166 usum
263 1102 460 1187 probaverit,
483 1100 665 1188 significavi
687 1102 723 1165 in
745 1100 947 1185 praefatione
970 1101 1134 1190 Parergon
1160 1127 1192 1190 p.
1203 1103 1296 1191 XIII,

145 1210 246 1273 amice
270 1207 319 1294 (ut
342 1232 401 1294 pro
424 1208 491 1273 illis
515 1207 733 1295 temporibus)
757 1209 899 1275 monitus
923 1207 1112 1295 aBerglriO.
1143 1209 1235 1277 Nam
1253 1233 1295 1277 ne

144 1317 221 1399 quid
245 1338 344 1399 erres,
366 1318 420 1382 sed
440 1316 619 1400 particulae
641 1337 708 1380 non
731 1316 795 1380 alia
817 1315 867 1380 vis
891 1319 941 1380 est
962 1316 1027 1380 nisi
1050 1319 1101 1400 ut,
1123 1317 1214 1402 qnod
1237 1319 1295 1384 alii
1326 1373 1332 1378 .

143 1426 272 1487 tantum
291 1423 426 1502 credere,
446 1422 532 1487 idem
546 1421 736 1487 Dossennus
756 1422 884 1487 dicatur
898 1424 1097 1507 argumentis
1112 1423 1296 1491 decernere.

145 1567 182 1576 —
210 1529 390 1615 Suppresso
416 1534 524 1595 autern
547 1530 679 1595 fabulae
702 1531 835 1595 nomine
858 1529 1088 1614 interpositum
1110 1530 1199 1596 inter
1216 1530 1294 1597 Per·

143 1659 197 1701 sae
220 1638 391 1703 Plautinae
419 1636 617 1701 mentionem
646 1636 780 1701 etitem
804 1635 991 1701 Plautinum
1014 1635 1162 1700 fabulam
1186 1637 1293 1703 Acha-

141 1744 311 1809 ristionem
334 1743 398 1829 (Ἡ
414 1746 455 1809 ia
468 1740 537 1830 AB)
556 1743 781 1808 testimonium
800 1767 866 1809 non
884 1742 1012 1808 ridetur
1031 1741 1176 1810 dubitari
1196 1767 1293 1830 posse

142 1852 221 1935 quin
243 1852 283 1917 ad
306 1852 441 1917 eundem
464 1853 596 1935 poetam
619 1849 823 1915 referendum
847 1851 903 1916 sit:
926 1872 1024 1936 quare
1043 1849 1128 1915 inter
1147 1852 1292 1920 incertae

142 1958 226 2023 sedis
267 1959 452 2046 fragmenta
492 1958 607 2043 recepi.
661 1996 698 2005 —
751 1957 929 2024 Pristinum
972 1960 1080 2022 autem
1122 1960 1291 2027 murrinae

141 2064 236 2131 istius
263 2090 358 2134 risum
386 2090 459 2133 cnm
482 2067 606 2132 Plinius
635 2068 683 2132 ait
710 2067 792 2132 alios
821 2066 972 2131 Pseuduli
1000 2087 1095 2130 versu
1122 2066 1291 2152 probasse,

141 2172 192 2236 his
221 2173 369 2239 accedere
392 2171 575 2239 Varronem
604 2197 621 2239 e
651 2179 779 2240 saturae
807 2173 914 2238 verbis
942 2176 1079 2258 apparet
1106 2179 1291 2259 quaesunt

142 2279 227 2362 apud
250 2278 393 2345 Nonium
416 2303 446 2365 p.
470 2281 545 2364 551,
570 2282 604 2345 7:
634 2279 837 2364 ‘murrina
865 2281 956 2364 potio
981 2279 1137 2346 confecta
1184 2280 1290 2348 Varro

142 2383 415 2465 Ἀνθρωποπόλειε
437 2410 522 2452 «non
539 2386 636 2452 modo
654 2382 768 2452 uinum
787 2387 873 2470 dare,
893 2387 948 2451 sed
967 2386 1077 2472 etiam,
1095 2392 1133 2452 ut
1151 2386 1289 2454 Plautus

15 2541 29 2549 .
141 2493 201 2575 ait,
224 2494 415 2579 murrinam3
439 2516 585 2579 passum,
608 2491 834 2575 defrutum».²)
866 2532 902 2540 —
934 2494 1057 2560 Rursus
1081 2517 1120 2561 ex
1145 2494 1290 2561 eiusdem

140 2600 297 2667 Varronis
326 2603 391 2668 alio
419 2602 609 2668 testimonio
638 2602 819 2685 probabilis
848 2601 887 2666 de
915 2601 950 2666 L.
974 2602 1070 2667 Aelio
1103 2603 1291 2669 coniectura

140 2710 211 2774 fiet:
245 2710 372 2795 qnando
397 2709 477 2774 haec
500 2710 634 2774 nomina
657 2731 674 2772 c
698 2708 844 2773 codicum
868 2710 1027 2774 memoria
1049 2710 1160 2776 laelius
1182 2710 1289 2795 (pror-

141 2838 195 2880 sus
220 2820 256 2881 ut
279 2816 365 2901 apud
389 2816 533 2881 Gellium
555 2815 616 2900 111,
640 2812 742 2902 3,12)
765 2819 855 2881 recto
879 2815 1001 2881 iudicio
1024 2813 1291 2882 Van-Heusdius

140 2927 247 2989 effecit
270 2925 320 2989 ‘do
344 2923 380 2989 L.
403 2924 498 2988 Aelio
522 2920 663 2988 Stilone'
687 2946 717 3007 p.
741 2923 793 2987 37.
839 2921 925 2987 Nam
949 2944 1022 2987 cum
1045 2921 1131 3007 apud
1154 2920 1290 2988 Festum

141 3053 169 3113 p.
197 3032 268 3113 158,
291 3032 334 3094 22
357 3030 437 3094 haec
460 3031 621 3115 legantur:
655 3026 844 3092 ‘murrata
872 3028 1005 3113 potione
1034 3050 1110 3093 usos
1134 3028 1290 3115 antiquos

141 3138 259 3202 iudicio
284 3141 342 3221 est,
365 3136 450 3221 quod
470 3138 567 3217 [eam]
589 3136 688 3199 etiam
707 3157 792 3200 nune
816 3135 936 3200 aediles
955 3157 1014 3219 per
1032 3134 1289 3220 supplicationes

140 3245 190 3308 dis
221 3244 343 3309 addunt
373 3243 413 3308 ad
442 3242 641 3327 puluinaria,
674 3245 707 3305 et
736 3242 821 3326 ‹puod
851 3239 915 3304 XII
939 3242 1061 3307 tabulis
1089 3246 1225 3308 cauetur
1247 3264 1289 3308 ne

140 3357 268 3417 mortno
297 3351 441 3434 indatur,
474 3353 510 3414 ut
537 3349 584 3414 ait
607 3346 712 3414 Varro
741 3347 776 3412 in
798 3348 1044 3433 Antiquitatum
1072 3348 1156 3413 libro
1179 3346 1224 3431 I',
1254 3348 1289 3413 in

139 3464 293 3544 promptu
321 3463 371 3522 est
398 3458 437 3522 de
461 3457 548 3522 Aelii
572 3453 718 3521 Stilonis·
736 3456 770 3520 in
798 3452 862 3519 XII
886 3456 1016 3521 tabulas
1042 3454 1289 3551 pommentariis

213 3639 238 3704 1)
257 3635 301 3690 Ad
319 3634 386 3690 iuris
405 3634 560 3688 consultum
581 3632 674 3702 potius
689 3631 781 3701 ipsum
796 3647 851 3699 quo
865 3629 972 3685 Plinius
987 3631 1076 3686 utitur
1091 3629 1285 3685 ‘decernendi’

139 3724 269 3793 verbum,
296 3728 328 3778 ut
351 3723 494 3793 proprium
518 3721 600 3791 iuris,
628 3723 755 3791 spectare
778 3719 868 3775 visum
894 3722 938 3775 est
961 3718 1123 3777 doctissimo
1149 3719 1287 3791 conlegae

140 3815 275 3869 Mauricio
294 3811 416 3882 voigtio.

210 3910 238 3973 2)
262 3902 392 3957 Numeris
415 3901 592 3973 adstringens
615 3900 690 3955 sicca
707 3900 841 3955 Varronis
863 3900 952 3954 verba
969 3899 1112 3969 Roeperus
1133 3899 1180 3955 ‘de
1198 3899 1286 3956 Ennii

140 3992 286 4062 Scipionc'
307 3992 359 4060 (ed.
379 3990 486 4046 Gedani
505 4008 529 4047 a.
551 3994 630 4059 1868)
653 4008 680 4059 p.
701 3995 735 4044 14
759 3990 841 4044 fidem
859 3988 906 4042 vix
930 3988 1061 4044 inveniet.
1089 4019 1125 4029 -
1153 3987 1286 4045 Catemm

138 4081 236 4135 eodem
252 4080 383 4136 Pseuduli
401 4098 483 4135 versu
497 4080 617 4135 cundem
627 4080 780 4134 Varronem
800 4077 884 4132 ctiam
907 4076 953 4131 ‘do
971 4076 1033 4130 nitu
1050 4077 1148 4147 populi
1162 4078 1286 4134 Romani

138 4170 210 4224 libro
230 4170 253 4223 l'
275 4188 353 4223 usum
372 4186 432 4224 eesc
452 4186 485 4223 cx
504 4170 603 4224 eodem
622 4168 714 4223 Nonio
732 4187 759 4238 p.
776 4174 836 4235 551,
855 4173 885 4220 19
904 4164 1092 4236 intellegitur:
1111 4166 1189 4221 euius
1208 4168 1285 4238 capi·

138 4260 175 4315 tis
195 4259 291 4313 turbas
310 4275 475 4328 componere
495 4258 681 4313 llneehelerus
700 4255 808 4310 studuit
825 4255 915 4309 Musei
935 4255 1023 4309 Ithen.
1039 4254 1104 4309 XlV
1123 4274 1150 4326 p.
1170 4262 1286 4327 ΗΜ,

138 4351 282 4417 ignoratus
301 4365 318 4401 a
336 4346 470 4401 Kottocro
489 4347 517 4401 iu
538 4345 682 4401 ‘Varronis
700 4346 734 4400 de
753 4346 812 4401 vito
830 4364 856 4414 p.
874 4345 917 4398 n'
937 4345 1101 4413 fragmentis
1119 4345 1174 4413 (ed.
1194 4346 1285 4401 llalac

138 4458 163 4494 a.
185 4441 264 4507 isca)
284 4456 310 4506 p.
330 4443 372 4491 ac.
