2932 5026
95 342 113 358 ·
176 307 241 370 214
363 323 391 370 c.
415 321 581 369 svuronn
606 319 821 379 rasnovnnr
845 320 929 366 v1rs
955 319 1134 366 rnannrn.

177 554 238 607 liae.
258 553 377 607 audoleo
396 553 430 606 A.
452 569 484 606 ac
503 551 586 605 doleo
606 550 642 616 F,
661 550 787 605 Rothias.
807 552 836 605 ct
854 549 935 604 doleo
954 551 1036 603 celeri
1106 548 1185 602 desse
1206 547 1330 601 Ritsetc·

176 644 238 698 lias.
259 642 323 698 dero
344 643 378 695 A.
398 642 493 696 deesse
512 643 592 694 ceteri

248 724 420 785 Suetonium
447 747 516 800 oreae
538 746 624 797 supro
645 731 737 798 posito
760 734 824 783 sura
848 730 882 783 ab
900 730 950 783 hoc
967 729 1146 798 excipiuntur
1165 724 1280 778 DONA
1288 723 1334 776 TI

176 823 317 890 epimelro:

137 947 164 986 ³⁵
268 929 357 994 Haec
380 927 553 994 Suetonius
572 926 790 1012 Tranquillus.
818 950 894 991 nam
918 928 998 991 duos
1017 924 1190 990 Terentios
1212 928 1332 1007 poetas

179 1036 278 1100 fuisse
307 1035 421 1099 scribit
449 1034 606 1118 Maecius,
635 1055 772 1118 quorum
800 1033 882 1098 alter
905 1032 1117 1117 Fregellanus
1145 1031 1248 1094 fuerit
1271 1028 1333 1093 Te·

178 1141 301 1206 rentius
325 1141 420 1224 Libo,
452 1142 535 1206 alter
562 1140 733 1242 libertinus
756 1139 928 1204 Terentius
952 1140 1033 1203 Al'er
1055 1138 1177 1222 patria,
1202 1137 1243 1200 de
1267 1160 1333 1222 quo

178 1242 263 1311 nunc
286 1247 457 1332 loquimur.
505 1246 665 1330 Scipionis
688 1245 817 1311 fabulas
842 1245 981 1310 edidisse
1000 1245 1187 1310 Terentium
1209 1244 1332 1330 Vagel·

179 1354 241 1418 lius
264 1353 299 1416 in
323 1354 449 1419 actione
473 1354 532 1419 eit:
1343 1376 1357 1415 ⁵

311 1476 409 1561 Tuae,
433 1478 576 1561 Terenti,
599 1501 680 1562 quac
704 1483 861 1542 uocantur
883 1477 1012 1542 fabulae

312 1584 411 1649 Ouiae
435 1585 533 1648 sunt?
556 1606 622 1648 non
646 1584 715 1667 has,
739 1584 809 1648 iura
832 1584 887 1668 qui
910 1584 1040 1667 populis
1065 1584 1174 1665 dabat,

313 1690 444 1755 Summo
469 1690 524 1754 illc
547 1689 669 1755 honore
692 1690 836 1773 affectus,
858 1690 936 1754 feeit
959 1688 1112 1753 fabulas?

179 1815 260 1879 duae
280 1816 320 1880 ab
337 1815 537 1899 Apollodoro
557 1816 738 1879 translatae
757 1838 827 1880 esse
847 1815 997 1878 dicuntur
1015 1812 1148 1894 comico,
1172 1812 1332 1906 Phormio

180 1928 214 1987 et
239 1922 380 2006 Hecyra:
405 1925 546 2007 quatuor
568 1921 710 2006 reliquae
734 1946 754 1986 a
777 1920 961 1986 Menandro
1007 1943 1045 1986 ex
1070 1921 1188 2006 quibus
1211 1941 1333 2005 magno
1348 1945 1372 1982 ru

180 2052 330 2094 successu
354 2034 386 2094 et
410 2030 514 2113 pretio
540 2029 633 2093 stetit
657 2029 831 2093 Eunuchus
855 2029 979 2093 fabula:
1003 2027 1135 2112 Hecyra
1158 2049 1257 2111 saepe
1280 2050 1333 2092 ex·

180 2136 278 2218 clusa,
302 2137 355 2201 uix
380 2142 454 2201 acta
477 2141 535 2201 est.

253 2293 423 2349 Subiecimus
441 2295 655 2364 discrepantiam
673 2295 841 2362 scripwrae:
862 2301 874 2347 1
896 2293 954 2346 Hec
972 2292 1055 2345 ΒΘΖ
1127 2293 1211 2348 Trou.
1232 2292 1259 2347 G

183 2382 318 2437 terentiae
336 2385 384 2439 A..
398 2384 532 2438 terentius
551 2384 578 2437 B
677 2389 693 2436 2
712 2383 835 2437 Maecius
855 2381 1046 2435 Fleckeisenus
1065 2383 1134 2437 conl.
1153 2381 1282 2436 Bentleio
1301 2383 1334 2435 ia

181 2472 251 2526 Hor.
276 2478 327 2528 art.
349 2480 419 2541 poet.
445 2479 514 2543 387,
538 2465 687 2528 Weiclrerto
709 2472 782 2525 Poet.
808 2473 856 2525 lut.
881 2471 927 2525 rel.
950 2487 978 2538 p.
1003 2475 1056 2524 334
1071 2487 1125 2540 sqq.
1151 2472 1277 2526 maetius
1295 2470 1333 2526 A.

181 2562 282 2616 metius
301 2566 380 2618 ceteri
468 2562 639 2633 fregellanus
658 2561 720 2615 ΕΖ.
755 2559 925 2630 fragellunus
944 2558 1032 2612 BOD.
1051 2559 1236 2629 fregellianus
1256 2561 1299 2628 G(
1314 2564 1333 2626 ).

181 2652 346 2721 flagellantis
365 2655 399 2708 A.
424 2652 589 2722 flogellanus
608 2652 639 2705 F
709 2653 801 2706 fuerat
818 2649 899 2704 Bon
970 2649 1106 2704 terentius
1126 2647 1184 2703 libo
1204 2649 1272 2715 AF,
1291 2649 1333 2704 St.

182 2741 212 2793 T.
233 2741 290 2795 libo
310 2741 343 2796 G.
363 2741 497 2795 terentius
517 2741 634 2796 libertus
653 2742 733 2795 ceteri
814 2739 881 2792 3Τ.
902 2737 1005 2792 aferG
1087 2737 1249 2792 lfabulem
1269 2739 1336 2794 ΕΖ.

182 2828 293 2883 fabulas
312 2832 406 2895 celeri,
424 2831 469 2882 sed
488 2848 501 2882 s
520 2831 552 2883 ia
570 2846 624 2883 rae.
644 2829 675 2882 F
758 2827 895 2883 cedidisse
915 2827 946 2880 F
1034 2827 1183 2881 terentium
1203 2829 1244 2893 A,
1268 2829 1335 2882 Aia.

182 2918 213 2970 Τ.
235 2917 267 2970 G.
287 2917 423 2970 terentius
443 2919 523 2971 ceteri
594 2917 741 2987 Vegollius
758 2918 938 2972 Bueclrelerus
957 2922 982 2971 et
1000 2917 1171 2971 Ribbeclr'us.
1191 2916 1337 2986 uallegius

183 3007 271 3060 Aas'.
291 3004 435 3074 uallssgius
454 3007 505 3059 Ab.
534 3006 660 3074 astagius
679 3009 771 3072 ceteri,
798 3008 861 3060 item
880 3008 962 3060 codes
987 3005 1215 3060 ‘solutissimae’
1239 3006 1337 3060 Italus

182 3096 298 3148 Bortlrii
323 3095 436 3148 Adsere.
461 3093 508 3147 VI
511 3135 519 3159 ,
538 3100 577 3148 26
584 3114 594 3158 ;
620 3096 666 3148 scd
689 3094 799 3164 valgius
818 3097 850 3149 (τ’.
889 3094 1006 3163 Valgius
1026 3094 1169 3148 Erasmus.
1203 3094 1337 3150 Valerius

183 3185 342 3237 dictitanter
360 3183 448 3238 chr.
468 3184 579 3237 Kailios
598 3183 712 3251 Epliem.
732 3185 783 3238 litt.
804 3185 871 3238 Hal.
890 3202 916 3238 a.
936 3188 1009 3237 loll}
1029 3201 1062 3237 m.
1084 3184 1172 3238 Mart.
1190 3201 1218 3252 p.
1239 3190 1297 3239 470

184 3281 200 3327 o
215 3273 243 3326 in
254 3274 363 3328 actione
375 3272 425 3337 st„
443 3272 588 3340 Boethius,
607 3276 633 3325 ct
646 3276 696 3325 out
709 3274 748 3326 sic
763 3278 812 3326 aut
826 3273 854 3326 in
869 3270 1053 3325 translatione
1075 3271 1198 3341 Vnyems
1216 3273 1251 3326 dc
1272 3273 1337 3328 Var-

182 3363 224 3430 oii
238 3378 323 3430 poeni.
340 3379 370 3430 p.
386 3367 448 3417 160.
464 3367 524 3418 443.
545 3362 685 3417 iunctione
701 3362 735 3416 Δ.
756 3361 869 3415 natione
884 3361 919 3413 E.
940 3360 1053 3415 natione
1073 3362 1152 3414 ceteri
1170 3379 1231 3415 cum
1247 3363 1336 3418 Italo.

183 3449 211 3503 in
231 3451 353 3505 Acteoue
373 3451 517 3506 Erasmus.
551 3451 579 3504 in
599 3450 735 3505 Auctione
755 3451 878 3518 Scalioer
968 3457 1038 3504 6-8
1056 3449 1123 3503 Non
1145 3452 1214 3503 salis
1236 3452 1337 3506 Ιιοηιηι

183 3542 333 3594 ernendetio
356 3543 397 3594 vel
416 3541 555 3610 Scaliocro
579 3542 706 3594 successit
724 3541 765 3594 ecl
783 3539 930 3608 Rutqersio
954 3539 1019 3593 Vor.
1040 3540 1096 3594 lect.
1117 3539 1138 3590 Ι
1141 3580 1150 3603 ,
1170 3540 1248 3593 7021
1266 3543 1335 3594 iam·

184 3630 256 3683 bicos
276 3635 442 3684 tetrametros
461 3630 672 3683 conticiniscenti
690 3629 809 3683 Boethio
828 3630 869 3682 vel
895 3629 999 3698 l'nqero
1016 3647 1044 3696 p.
1065 3634 1119 3682 158
1137 3629 1178 3682 uel
1196 3629 1292 3683 Keilio

185 3724 200 3770 6
220 3716 296 3770 Tuae
322 3716 585 3770 ll'indtlsclrmanaue
603 3719 634 3770 in
659 3717 790 3772 Welctcri
808 3717 962 3786 Naekiiquc
983 3718 1058 3771 arua.
1078 3716 1164 3772 Rhea.
1182 3718 1209 3786 Ι,
1223 3736 1256 3787 p.
1272 3724 1335 3781 113,

184 3808 246 3858 am
265 3806 383 3860 Karsos.
408 3805 461 3858 hae
480 3806 546 3859 zare
564 3822 625 3859 cum
645 3807 698 3872 n,
716 3808 772 3860 ass
790 3807 864 3875 quoa
882 3807 917 3860 ne
935 3807 991 3859 nr
1052 3796 1056 3803 ’
1112 3788 1249 3876 uerene
1269 3808 1334 3862 aaa

185 3894 375 3948 Fleckeiseaus
395 3894 476 3948 Mise.
496 3895 556 3949 crit.
571 3896 714 3967 poma]
770 3914 823 3963 que
841 3895 898 3948 ΒΖ
947 3894 1041 3949 fabule
1061 3895 1169 3949 13an
1223 3896 1334 3951 reniae

185 3984 250 4036 sunt
269 3981 361 4047 AEG,
382 3983 418 4035 lt.
439 3983 537 4047 ouiuae
557 3985 622 4037 sunt
641 3983 676 4038 F.
697 3984 758 4038 cuie
777 3987 842 4039 suut
860 3985 946 4038 ceteri.
974 3983 1051 4038 cuius
1070 3987 1135 4038 sunt
1152 3985 1193 4038 Sl.
1218 3984 1334 4039 cuiaene

185 4073 248 4124 sunt
266 4070 383 4125 Botlrius
401 4072 441 4143 [et
458 4073 523 4126 olim
542 4072 726 4142 Ritschcliusl.
756 4072 834 4126 cuius
854 4075 926 4140 sunt,
946 4073 1014 4127 cedo
1033 4073 1102 4127 coni.
1123 4072 1269 4139 Erasmus,
1288 4073 1333 4127 dic

185 4160 263 4214 cuius
283 4163 348 4215 sunt
367 4160 578 4230 Oudendorpius
649 4162 781 4215 Terenti?
804 4178 860 4216 non
884 4162 947 4226 hae,
970 4161 1032 4215 iura
1051 4161 1099 4229 qui
1117 4162 1228 4230 populis
1247 4162 1335 4217 dubet

186 4249 459 4320 [olim]1liteclrcliue.
479 4267 534 4304 non
549 4251 598 4305 has
613 4250 660 4319 qui
676 4251 736 4304 iura
750 4250 862 4319 populis
878 4249 998 4319 (populis
1008 4250 1062 4313 Ab)
1078 4249 1232 4308 retentibus
1246 4251 1335 4305 debat

185 4341 222 4405 A,
240 4341 286 4393 sed
300 4338 435 4393 terentius
454 4340 498 4392 Ab
518 4356 583 4408 nero.
604 4357 658 4393 uon
677 4340 727 4393 has
745 4339 793 4407 qui
813 4339 873 4392 iura
891 4338 1002 4408 populis
1019 4336 1228 4392 recensentibus
1246 4337 1336 4392 debet

185 4431 274 4499 ceteri,
292 4431 349 4484 nisi
362 4429 435 4501 quod
448 4448 513 4485 num
530 4430 577 4497 It,
597 4428 694 4498 populi
709 4429 771 4496 ΕΖ,
786 4427 991 4484 recentionibus
1002 4429 1041 4483 It.
1065 4427 1129 4483 Non
1143 4425 1195 4481 hes
1209 4427 1260 4496 qui
1273 4426 1335 4482 iun
