2932 5026
272 302 337 365 234
661 319 698 365 ru
722 319 834 366 vmau
858 319 1026 368 suessan

272 460 443 544 aedilibus,
472 461 527 546 qui
549 462 733 546 praelectae
758 461 900 529 Andriae
923 463 1144 548 interfuerint,
1173 463 1269 530 valde
1298 463 1417 548 impre

217 594 257 635 ns
271 567 424 633 babiliter
456 571 614 633 statuens.
653 606 689 615 -
729 567 881 635 Ceterum
914 569 978 635 alio
1011 570 1106 635 modo
1144 570 1232 635 idem
1265 570 1420 638 Caecilium

271 697 388 739 nomen
412 675 498 738 infra
520 697 549 758 p.
574 675 707 759 212,11
733 679 919 761 corruptum
944 681 1002 741 est.

360 780 543 864 Poenoue
566 783 628 846 etsi
652 783 770 848 mirum
794 783 899 848 estin
922 784 1020 848 dietus
1042 789 1086 848 est
1104 786 1251 850 converti
1269 786 1418 870 potuisse

272 912 291 954 a
309 889 450 954 librariis
468 889 590 967 decitur,
608 866 722 954 'tamen
742 887 897 955 Suetonio
915 889 986 974 hoc,
1009 912 1075 955 non
1093 890 1172 956 illud
1191 892 1294 957 tribui
1313 893 1420 978 ipsam

273 1018 386 1061 sanam
409 996 569 1061 rationem
592 995 704 1060 iubere
727 995 948 1062 Mommsenus
967 997 1074 1063 sensit
1097 998 1275 1065 verissime.

360 1102 541 1185 Paetum
559 1104 595 1168 in
613 1103 887 1186 praepositionem
906 1103 1065 1169 addebam
1084 1107 1121 1168 ut
1139 1105 1292 1188 proxima
1309 1108 1422 1172 uestitu

272 1231 349 1274 voce
381 1210 546 1294 haustam,
579 1210 655 1294 quia
686 1210 828 1276 subsellio
857 1212 992 1276 residens
1024 1211 1206 1275 sentiebam
1239 1216 1422 1296 poetarum,

272 1339 337 1381 non
360 1318 554 1400 scriptorum
579 1340 657 1382 esse.
700 1315 763 1382 Sed
787 1315 933 1382 Suetonii
957 1321 1067 1382 tamen
1090 1320 1232 1382 aetatem
1255 1340 1277 1382 a
1299 1318 1422 1383 talibus

272 1447 336 1489 non
369 1425 575 1489 abhorruisse
607 1425 674 1508 ipse
706 1446 791 1489 nune
823 1425 917 1489 testis
951 1424 1152 1490 certissimus
1182 1425 1334 1509 prodeat,
1367 1425 1422 1511 qui

272 1530 375 1615 Calig.
391 1553 415 1595 c.
426 1531 469 1596 50
492 1537 557 1597 tero
574 1533 711 1598 restrium
729 1531 818 1614 dixit,
842 1530 918 1597 Ner.
931 1533 972 1597 13
990 1533 1093 1597 curuli
1109 1532 1255 1612 residens,
1280 1530 1420 1599 Claudi

271 1643 306 1702 ut
328 1638 435 1719 aquila
457 1639 623 1705 ructum
644 1659 749 1704 umero
772 1640 950 1724 consideret,
982 1639 1067 1726 Aug.
1089 1639 1133 1704 43
1162 1640 1268 1705 lectica
1295 1639 1421 1719 cubans,

274 1744 570 1810 renumerare.
616 1744 691 1811 Non
720 1747 906 1811 imitabitur
932 1747 1036 1833 igitur
1061 1751 1210 1813 nostrum
1233 1748 1418 1832 exemplum
1461 1800 1464 1805 .

272 1851 327 1934 qui
357 1851 494 1934 posthac
524 1853 608 1919 hanc
638 1855 731 1918 edere
761 1855 864 1919 vitam
894 1855 1083 1920 instituerit.
1128 1853 1258 1919 Diversi
1290 1854 1422 1939 generis

273 1961 349 2021 sunt
375 1959 410 2022 in
432 1981 469 2024 eu
486 1966 579 2046 paru
600 1963 732 2027 censedit
762 1961 844 2047 Aug.
868 1963 925 2046 43,
957 1964 993 2027 in
1015 1963 1168 2028 eduma
1190 1962 1348 2026 considere
1369 1961 1423 2047 el,

272 2085 341 2128 cnm
368 2067 404 2129 in
431 2068 503 2131 cede
531 2067 637 2132 Vestae
663 2070 819 2134 resedisset
849 2068 926 2134 Ner.
952 2069 1001 2153 19,
1042 2070 1077 2133 in
1108 2070 1197 2135 dorne
1228 2067 1425 2135 Maecenatis

273 2171 402 2236 credebat
423 2172 506 2258 Aug.
531 2174 582 2257 72,
605 2176 640 2238 in
658 2176 819 2260 peristylio
841 2176 972 2241 cubabat
992 2176 1036 2240 ib.
1055 2176 1107 2240 82.

362 2277 501 2343 Versuh
518 2283 757 2363 percucurrisse]
777 2281 1082 2366 Reduplieaticnem
1100 2303 1172 2347 cum
1192 2282 1321 2348 codices
1345 2279 1425 2347 Sue·

272 2386 397 2450 touiani
422 2387 544 2451 octiens
567 2391 697 2470 praeter
718 2387 781 2453 hoc
804 2387 988 2471 exemplum
1011 2390 1166 2452 tueantur
1186 2386 1221 2451 in
1244 2408 1425 2453 acumem·

272 2498 348 2557 rmd
371 2490 438 2557 Cal.
463 2493 515 2576 58,
537 2496 764 2560 concucurrisse
785 2493 845 2559 Iul.
872 2495 926 2580 15,
948 2495 1120 2560 decucurrit
1141 2492 1217 2560 Ner.
1244 2496 1300 2578 ll,
1321 2495 1425 2561 disne

273 2602 372 2665 everrit
395 2598 464 2665 Cel.
487 2601 540 2685 32,
562 2602 783 2667 eecuurrrisset
806 2599 898 2666 Galb.
924 2601 974 2684 18,
990 2602 1186 2683 percunrrrit
1207 2597 1284 2666 Ner.
1298 2601 1329 2684 3,
1347 2622 1426 2685 pro·

272 2709 478 2773 cucurrissent
499 2706 611 2773 Claud.
635 2709 687 2791 29,
710 2709 980 2774 transcucurrisset
1001 2705 1069 2773 Oal.
1093 2707 1150 2790 24,
1172 2706 1260 2772 haud
1284 2708 1355 2774 scio
1379 2731 1421 2775 au

273 2836 312 2878 ea
341 2814 394 2879 hic
425 2816 565 2899 scriptor
594 2816 639 2880 sit
668 2818 856 2880 constanter
885 2837 971 2879 usus.
1017 2813 1221 2898 Quamquam
1249 2814 1424 2881 fatendum

272 2924 323 2985 est
345 2921 425 2984 item
447 2922 570 2986 octiens
595 2922 729 2987 eandem
753 2923 854 2987 libros
872 2922 1023 3007 ignorare
1042 2921 1075 2985 in
1093 2923 1262 2986 accurrisse
1279 2920 1359 2988 Ner.
1370 2923 1425 2988 21.

275 3028 328 3109 34,
350 3033 569 3092 concurrerunt
591 3025 703 3092 Claud.
728 3029 779 3093 21.
803 3026 945 3111 011112,
968 3029 1191 3093 concurrissent
1213 3026 1274 3093 lul.
1297 3028 1354 3114 32,
1376 3051 1424 3095 cc·

187 3157 193 3167 ’
273 3135 420 3199 currisset
441 3133 525 3218 Aug.
543 3134 596 3198 96.
619 3131 731 3199 Claud.
751 3135 781 3218 8,
796 3137 956 3217 promerrit
978 3132 1054 3200 Ner.
1077 3135 1129 3199 47.

361 3238 439 3322 Peg.
463 3239 529 3314 aot,
553 3241 664 3322 llsqq.
693 3264 712 3305 a
740 3243 856 3307 veteris
885 3241 960 3305 libri
989 3240 1129 3305 Parisini
1156 3241 1317 3306 memoria
1340 3264 1425 3327 quae

272 3347 352 3412 haec
375 3351 438 3413 est:
465 3349 611 3430 quemme
631 3349 787 3414 nculcatius
809 3350 1056 3414 mnumuaticue
1078 3349 1218 3413 omnium
1240 3349 1287 3412 iu
1307 3351 1426 3416 micas

274 3453 423 3520 ‘sumetur
444 3455 498 3546 hec
521 3458 573 3521 iro
594 3462 680 3522 scuta
702 3477 740 3522 ea
761 3456 811 3521 iris
831 3454 966 3540 subrelo',
990 3456 1037 3520 ita
1060 3455 1135 3520 libri
1158 3455 1277 3519 novicii
1301 3455 1425 3523 discre-

273 3567 355 3646 pant
377 3567 414 3628 ut
435 3566 471 3629 de
494 3567 778 3630 euiememtionect
763 3564 901 3630 tscrrbit
918 3563 1103 3646 exhibeant,
1126 3561 1249 3627 maiore
1268 3584 1307 3628 ex
1327 3568 1424 3648 parte

273 3672 413 3734 munirem
432 3671 596 3752 omittant,
615 3693 675 3754 pro
694 3676 832 3737 sumetur
845 3675 954 3736 autem
969 3669 1019 3734 vel
1033 3672 1203 3734 sumeretur
1218 3669 1425 3737 substituant

274 3793 325 3858 vel
348 3795 464 3860 uiuus
486 3795 536 3859 vel
557 3796 694 3861 sinuum
718 3796 767 3860 vel
786 3796 942 3861 subrueret.
922 3793 1028 3858 rut
1046 3793 1188 3858 numeris
1208 3793 1339 3877 quidem
1358 3818 1424 3881 quo

275 3906 326 3966 sat
327 3902 354 3966 is
312 3903 493 3988 tfieret,
525 3905 582 3967 aut
613 3923 650 3968 ee
676 3901 756 3968 hisce
782 3903 986 3987 propositum
1014 3904 1065 3966 est
1093 3902 1149 3966 aut
1176 3920 1214 3965 eu
1240 3899 1290 3966 leis
1315 3905 1423 3968 trans·

274 4010 382 4092 posita
414 4014 490 4075 ante
513 4010 653 4094 Hecyra:
686 4013 858 4094 utrumque
891 4013 943 4074 sa
944 4032 973 4073 1s
929 4007 1136 4074 texiliter
1167 4009 1200 4071 et
1231 4012 1269 4072 ut
1300 4008 1342 4074 ad
1375 4008 1424 4074 rei

275 4139 435 4181 summam
460 4118 587 4182 animus
610 4140 649 4181 ne
674 4118 895 4182 adverteretur
918 4117 1055 4202 quidem.
1088 4114 1173 4181 Nam
1191 4113 1269 4200 quid
1288 4115 1424 4181 taudem

276 4223 337 4287 sibi
372 4223 454 4287 velle
486 4224 567 4288 illud
600 4224 706 4308 ipsum
737 4229 883 4303 uincetur,
916 4224 984 4288 eive
1012 4228 1156 4288 sumetur
1182 4221 1425 4287 substituerunt

275 4330 342 4412 alii,
365 4330 574 4414 putabimus?
611 4330 702 4406 Quod
726 4353 796 4395 curu
822 4329 961 4395 Rothius
984 4352 1014 4414 p.
1032 4332 1095 4396 180
1118 4330 1165 4394 sle
1188 4329 1426 4412 interpretatur

276 4437 369 4522 ‘mag
392 4435 646 4522 hingenommen
671 4438 796 4503 werden
805 4437 824 4523 ',
847 4440 881 4503 et
903 4458 1016 4501 sanam
1040 4434 1234 4501 sententiam
1258 4438 1292 4499 et
1313 4433 1425 4500 latini·
