2932 5026
265 281 332 346 250
653 298 689 344 ru
713 299 826 346 vrrsn
850 298 1019 346 runnurn

264 462 359 525 seque
387 443 462 521 odeo
491 442 674 526 insequenti
704 441 754 506 vel
785 446 821 506 ut
846 440 947 526 (quod
975 463 1077 528 genus
1109 443 1144 507 in
1166 441 1293 508 deliciis
1316 440 1421 506 habet

181 592 191 613 .
265 546 453 635 Suetonius)
483 548 535 612 rel
565 549 657 623 donec
684 546 770 632 (Tib.
798 546 856 632 63)
887 548 937 612 vel
966 549 1069 631 quood
1097 545 1152 634 (de
1180 568 1322 634 gramm.
1350 546 1420 633 22),

264 678 376 721 rursus
407 658 515 722 autem
546 677 584 720 ea
612 654 835 740 segregaveris
864 654 900 719 in
930 654 1047 739 quibus
1078 653 1216 739 simplex
1244 655 1324 720 odeo
1350 654 1419 721 fere

266 767 385 847 aequat
410 763 458 827 ito
487 760 680 845 particulam
710 758 788 847 (nort
810 762 884 826 odeo
907 763 1050 828 custodiit
1071 761 1156 847 Aug.
1179 763 1236 846 88,
1263 782 1323 828 noc
1341 763 1419 829 odeo

262 871 373 954 prauis
396 867 489 933 Galb.
513 868 546 950 7,
573 888 627 933 aec
655 867 730 933 odeo
752 868 844 933 molti
867 866 942 933 Oth.
966 866 1015 955 5):
1046 869 1188 955 ligandis
1212 868 1347 955 quidem
1370 869 1417 934 in·

265 976 366 1062 tegris
390 975 564 1040 enuntiatis
587 976 662 1041 odeo
684 996 845 1059 nusquam
868 975 1003 1040 inservit
1024 974 1088 1041 nisi
1111 975 1289 1042 secundum
1307 977 1415 1042 locum

266 1088 388 1168 tenens,
411 1086 448 1147 ut
470 1081 528 1147 IuL
556 1084 596 1147 14
618 1082 852 1164 5515ιαὶ55055
873 1082 947 1147 adeo
972 1119 1027 1165 -,
1058 1079 1170 1148 Claud.
1192 1083 1239 1148 25
1261 1088 1417 1166 totamm

265 1191 339 1254 arlco
363 1227 419 1274 -,
449 1189 493 1254 ib.
516 1190 557 1254 37
582 1188 672 1253 arella
694 1188 768 1253 adeo
790 1189 920 1271 aequitio
946 1223 999 1272 -,
1027 1187 1103 1254 Ner.
1126 1187 1170 1254 35
1192 1189 1319 1254 ordiam
1340 1191 1414 1259 adeo

266 1334 323 1380 -,
357 1296 450 1362 Galb.
477 1298 518 1361 14
544 1297 662 1361 maiore
689 1296 764 1361 odeo
788 1331 843 1379 -,
876 1316 1014 1379 quorum
1044 1296 1191 1381 exemplo
1213 1297 1320 1380 operm
1341 1298 1415 1364 odeo

265 1405 317 1469 vel
345 1406 503 1488 spurcaque
529 1405 604 1470 acteo
631 1401 800 1469 dicendum
829 1402 948 1467 fuerat:
976 1406 1091 1468 contra
1112 1403 1148 1469 iu
1169 1403 1335 1489 principio
1358 1427 1413 1489 po

266 1511 348 1576 sitae
381 1513 504 1594 dicoque
536 1505 713 1596 particulae
743 1509 923 1575 orationem
952 1513 1085 1574 nectunt
1112 1511 1320 1595 saepissime:
1355 1509 1414 1576 lul

265 1618 319 1682 45.
341 1619 392 1683 86.
417 1618 501 1704 Aug.
523 1618 575 1682 91.
599 1616 671 1681 Tib.
694 1617 746 1681 67.
770 1615 838 1681 051.
861 1615 913 1681 50.
937 1614 1012 1680 Ner.
1031 1617 1083 1682 20.
1103 1617 1155 1683 55.
1179 1615 1247 1683 Vit.
1264 1618 1298 1683 4.
1316 1616 1414 1702 Vesp.

265 1723 295 1788 5.
316 1725 344 1806 7,
368 1746 430 1808 quo
455 1724 555 1789 etiam
577 1743 631 1788 acc
653 1723 718 1788 ideo
742 1723 883 1806 pertinet
900 1723 984 1808 Aug.
1003 1723 1056 1802 54,
1079 1723 1150 1790 sola
1167 1725 1235 1791 ideo
1252 1723 1415 1809 particula

266 1851 307 1894 ne
331 1853 396 1896 uno
420 1832 550 1915 quidem
573 1831 728 1914 exemplo.

353 1936 429 2020 Peg.
439 1938 528 2014 rua
541 1938 729 2021 oicedmam,
750 1937 834 2022 quod
850 1938 993 2004 servavit
1006 1943 1099 2004 vetus
1113 1936 1293 2022 Parisinus,
1306 1938 1416 2005 115551

266 2042 523 2129 Dresdensis[?],
546 2045 725 2111 rectissime
748 2047 875 2110 tutatus
899 2049 950 2110 est
971 2045 1112 2110 Rethius
1134 2067 1166 2130 p.
1188 2045 1250 2111 183
1266 2067 1325 2132 sq,
1348 2068 1414 2112 non

213 2174 253 2215 ers
266 2149 323 2216 ille
346 2173 419 2216 cum
442 2151 551 2237 aliqua
573 2150 769 2217 confidentia
791 2151 988 2217 contendens
1011 2173 1125 2217 revera
1146 2156 1217 2231 tam
1234 2151 1328 2218 brevi
1348 2153 1416 2219 rita

263 2257 366 2324 fuisse
397 2261 528 2343 tamque
560 2263 687 2323 mature
720 2257 761 2322 ad
793 2257 999 2323 scribendum
1031 2281 1066 2324 se
1096 2258 1329 2346 applicarisse,
1360 2261 1415 2327 sad

265 2366 425 2450 duplicem
455 2367 602 2432 extitisse
632 2365 717 2449 apud
747 2366 837 2449 ipsos
868 2369 993 2431 veteres
1021 2366 1212 2431 memoriam
1239 2366 1414 2447 disserens,

265 2495 401 2557 quarum
424 2473 457 2538 in
480 2473 617 2538 alteram
640 2473 696 2538 ille
718 2494 872 2538 numerus
896 2473 1041 2557 apprime
1064 2473 1247 2558 quadraret
1290 2473 1330 2540 ln
1352 2498 1416 2561 qua

266 2580 484 2664 disputatione
511 2602 584 2645 cum
612 2602 672 2644 nec
694 2579 830 2664 probem
853 2580 962 2644 omnia
985 2584 1017 2643 et
1040 2578 1198 2664 quaedam
1222 2579 1412 2661 desiderem,

264 2688 377 2772 paucis
409 2688 485 2773 quid
516 2688 596 2752 mihi
625 2685 775 2751 rideatur
802 2685 1006 2771 complectar.
1051 2685 1126 2751 Vna
1154 2689 1264 2752 autem
1294 2688 1359 2754 fnit
1381 2692 1412 2754 et

264 2815 398 2878 prorsus
425 2794 633 2859 consentiens
662 2815 724 2858 vox
752 2791 974 2877 antiquitatis,
1000 2791 1206 2858 familiariter
1233 2816 1329 2860 usum
1357 2795 1412 2861 'le

265 2903 405 2966 rentium
428 2900 540 2966 Laelio
565 2905 597 2967 et
621 2899 786 2985 Scipione:
816 2920 917 2983 prope
941 2899 1145 2964 consentiens
1170 2902 1345 2986 memoria,
1371 2902 1411 2968 ab

266 3007 386 3072 eisdem
410 3006 555 3071 adiutum
578 3007 613 3093 in
637 3006 820 3071 scribendo:
851 3005 1019 3070 obscurior
1040 3005 1139 3090 fama,
1162 3006 1320 3092 ‘corporis
1343 3029 1413 3093 gra·

265 3113 313 3177 tia
331 3113 377 3177 eis
397 3112 617 3179 conciliatum'
633 3113 742 3179 fuisse.
778 3112 851 3178 Hoc
870 3112 1020 3177 ultimum
1040 3113 1223 3180 testabatur
1241 3115 1294 3180 vel
1314 3115 1412 3201 signi·

265 3220 384 3284 ficabat
413 3220 531 3286 saltem
554 3220 700 3286 Porcius:
732 3220 876 3306 negabat
897 3218 1095 3305 Fenestella,
1124 3220 1185 3286 hoc
1213 3244 1293 3287 usus
1321 3243 1413 3307 argu·

266 3331 376 3392 mente
405 3327 491 3413 quod
521 3331 656 3412 utroque
687 3327 791 3391 maior
820 3330 900 3392 natu
931 3326 1056 3392 fuisset.
1100 3325 1139 3392 ln
1168 3326 1231 3392 hoc
1261 3327 1414 3413 quicum

265 3434 449 3500 Fenestella
471 3435 619 3520 senserit,
641 3435 792 3500 novimus
815 3434 990 3499 neminem:
1015 3438 1122 3500 aetate
1141 3433 1294 3520 aequales
1311 3434 1415 3500 fuisso

266 3546 354 3609 certo
388 3543 575 3608 testimonio
607 3542 765 3627 prodebat
794 3540 921 3625 Nepos,
954 3564 1019 3606 non
1051 3546 1151 3627 negat
1183 3542 1253 3626 ipse
1283 3541 1415 3607 Laelius

266 3650 353 3733 apud
381 3647 567 3714 Ciceronem
592 3649 678 3714 Lael.
702 3672 728 3714 e.
751 3649 809 3732 24,
837 3649 879 3714 89
910 3647 1122 3714 ‘familiarem
1152 3646 1265 3714 sunm'
1296 3648 1417 3734 dicens,

265 3779 330 3821 non
359 3759 482 3842 negant
512 3755 704 3841 quicumque
734 3756 867 3820 illorum
899 3777 998 3840 opera
1025 3756 1059 3821 in
1087 3755 1266 3825 scribendis
1293 3754 1416 3821 fabulis

265 3886 359 3929 usum
388 3867 518 3947 poetam
545 3861 719 3926 tradidere:
750 3862 784 3927 in
813 3882 878 3947 qua
904 3883 1019 3928 caussa
1047 3858 1146 3927 unum
1170 3860 1358 3946 Scipionem
1381 3860 1416 3927 G.

267 3970 437 4035 Memmius
465 3993 496 4053 p.
519 3968 593 4053 209,
619 3969 669 4051 10,
697 3969 934 4046 Quinctilianus
958 3989 991 4049 x,
1016 3972 1043 4053 1,
1067 3970 1109 4035 99
1134 3974 1167 4034 et
1188 3968 1361 4054 Vagellius
1383 3969 1417 4034 in

267 4077 413 4143 auctario
435 4075 557 4140 Donati
580 4098 611 4160 p.
635 4076 700 4140 214
723 4081 918 4162 memorant,
942 4075 1089 4142 Laelium
1112 4077 1218 4142 solum
1242 4074 1359 4142 Cicero
1381 4077 1417 4141 in

267 4183 409 4268 epistula
432 4182 473 4246 ad
491 4183 636 4248 Atticum
655 4183 760 4267 V11,3,
777 4185 819 4248 10
842 4189 875 4249 et
893 4183 1004 4269 Nepos
1022 4207 1054 4269 p.
1072 4184 1148 4267 209,
1169 4184 1220 4269 13,
1241 4188 1417 4268 utrumque

267 4312 343 4355 suos
374 4293 523 4354 auctores
555 4293 683 4354 secutus
708 4287 891 4357 Suetonius.
936 4289 1005 4356 Nee
1028 4290 1096 4355 ullo
1122 4290 1219 4356 modo
1243 4289 1365 4356 Santra
1385 4312 1418 4374 p

269 4398 344 4482 210,
367 4397 387 4462 8
410 4399 524 4486 negat,
547 4417 657 4463 rerum
681 4395 771 4464 aliud
793 4402 907 4486 negat,
928 4396 1000 4484 hoc,
1023 4419 1043 4463 a
1065 4395 1215 4483 Scipione
1239 4396 1418 4483 Laelioque
