2932 5026
298 334 364 398 944
688 355 726 401 iu
750 354 859 402 vireu
883 356 1053 404 sanausn

298 498 356 558 aut
382 495 495 576 paullo
523 500 598 559 ante
626 503 848 580 praecesserat
875 503 931 564 aut
959 498 1154 584 sequebatur
1175 499 1290 584 paullo
1314 505 1394 585 post
1416 500 1451 565 in

297 599 410 664 eodem
443 621 559 685 genere
592 603 737 685 positum
767 605 885 687 inquit:
920 604 953 668 id
985 605 1070 690 quod
1104 610 1241 690 apparet
1272 604 1452 673 variandae

298 711 427 773 tautum
450 708 607 773 orationis
631 730 747 775 caussa
770 711 818 775 ita
840 711 1029 776 institutum
1052 733 1131 777 esse.
1168 710 1450 796 Velut-inquo...

297 817 344 879 uit
365 816 466 881 hebes
487 815 571 902 Aug.
585 817 627 882 86
642 822 676 881 et
696 818 748 882 87.
768 815 880 883 Claud.
894 819 949 902 42,
971 819 1038 884 ait.
1053 870 1061 884 .
1076 870 1083 883 .
1097 821 1200 902 inquit
1217 818 1292 885 Tib.
1306 820 1361 886 67.
1380 816 1447 886 Cal.

298 921 349 986 29.
370 920 462 986 Galb.
482 924 513 986 4.
532 921 631 1006 Vesp.
650 923 708 987 23:
732 945 752 987 a
776 923 893 1008 quibus
916 945 1019 1008 prope
1038 924 1133 991 abest
1150 926 1254 992 aiebat
1271 976 1280 991 .
1295 975 1326 992 ..
1344 925 1447 1010 inquot

297 1027 371 1092 Oth.
389 1029 430 1092 10
444 1033 477 1093 et
494 1028 543 1092 11.
580 1027 714 1094 Praeter
733 1030 813 1094 haec
831 1031 933 1117 igitur
951 1031 1023 1113 ipso
1043 1032 1089 1095 ait
1109 1032 1207 1097 verbo
1227 1035 1361 1100 omnino
1379 1054 1445 1099 nou

292 1125 361 1198 est'
375 1136 503 1219 saepius
531 1157 629 1219 quarn
659 1137 784 1201 sexiens
812 1159 902 1202 usus:
931 1136 1014 1222 Aug.
1040 1138 1090 1205 18.
1114 1137 1166 1202 66.
1191 1139 1243 1204 71.
1271 1138 1372 1225 Vesp.
1393 1140 1442 1207 24.

297 1239 361 1306 Tit.
379 1242 409 1307 8.
433 1243 471 1307 de
495 1263 632 1328 gramm.
651 1244 684 1307 4:
709 1249 823 1309 contra
845 1246 948 1327 iuquit
970 1245 1081 1326 verbo,
1104 1245 1133 1309 si
1156 1245 1253 1311 modo
1277 1251 1366 1313 recte
1387 1269 1442 1313 nu·

297 1349 431 1434 meravi,
461 1349 643 1436 triciens*).
688 1349 773 1414 Hinc
803 1355 913 1415 autem
944 1350 1044 1414 etiarn
1074 1351 1179 1415 maior
1208 1351 1290 1416 fides
1320 1352 1440 1419 accedit

296 1456 515 1520 emendationi
542 1457 576 1521 in
605 1458 675 1521 vita
702 1456 845 1521 Terentii
873 1457 988 1522 factae.
1038 1456 1104 1523 Vbi
1133 1480 1205 1523 cum
1233 1461 1281 1524 aa
1308 1459 1451 1525 vocabu·

297 1563 363 1626 lum
397 1585 416 1626 a
443 1562 592 1627 Parisino
615 1564 648 1628 A
680 1586 812 1648 prorsus
845 1564 957 1629 abesse
990 1563 1146 1649 viderem,
1178 1565 1319 1631 liberum
1345 1567 1462 1653 igitur

297 1690 366 1732 esse
394 1673 469 1752 post
492 1669 529 1732 P.
552 1671 727 1750 Africanus
752 1672 833 1736 illud
861 1670 988 1755 reponi,
1015 1675 1127 1736 tamen
1155 1694 1193 1737 eo
1216 1673 1291 1757 ipso
1314 1675 1349 1739 iu
1370 1674 1459 1741 loeo

296 1776 454 1860 scriptum
467 1775 501 1839 in
515 1776 608 1842 libris
623 1780 677 1860 qui
691 1778 844 1862 quoniam
860 1778 981 1863 aliquid
996 1778 1071 1842 miri
1086 1784 1120 1843 et
1132 1779 1331 1845 incommodi
1344 1779 1464 1847 habet

296 1887 381 1947 utet
395 1882 435 1946 ad
451 1883 517 1947 vim
531 1884 712 1949 testimonii
724 1906 856 1968 prorsus
869 1906 1142 1968 supervacaneum
1158 1889 1191 1949 et
1203 1907 1221 1950 e
1232 1886 1330 1970 pleno
1345 1909 1463 1953 enun-

296 1991 379 2055 tiato
399 1991 613 2076 grammatico
633 1991 776 2056 efficiens
795 1992 1030 2075 imperfectum,
1048 1991 1264 2075 probabiliter
1281 1992 1342 2058 baa
1357 1993 1457 2079 ipsa!

294 2098 349 2178 qui
362 2097 489 2162 litteras
504 2095 691 2191 Schopenus
706 2098 939 2182 interpretatus
954 2101 1005 2161 est
1019 2119 1057 2161 ex
1070 2099 1174 2180 iuquit
1186 2099 1288 2163 verbo
1303 2099 1454 2167 reliciat.

384 2202 490 2269 Versu
512 2204 547 2270 12
571 2204 636 2269 levi
660 2204 820 2269 scribendi
844 2226 961 2288 errore,
984 2225 1047 2288 quo
1070 2205 1155 2269 domi
1178 2204 1296 2270 luserat
1313 2206 1450 2272 bausiit

295 2311 328 2375 in
351 2311 490 2376 demetra
512 2316 579 2376 erat
602 2310 637 2374 in
660 2315 768 2375 vetere
787 2309 947 2394 Parisino,
970 2310 1250 2376 abususRothius
1269 2313 1445 2380 (1666116

293 2423 376 2482 suot
396 2419 516 2501 posuit.
561 2417 647 2505 Ego,
675 2441 695 2482 a
717 2441 780 2503 quo
805 2419 856 2483 vel
879 2417 1007 2503 quando
1031 2418 1137 2482 demeti
1159 2419 1284 2484 dictum
1312 2421 1358 2486 ait
1384 2442 1439 2507 pro

294 2524 436 2590 locativo
458 2525 548 2604 domi,
572 2525 678 2590 fateor
701 2547 753 2589 me
776 2547 909 2608 prorsus
933 2524 1093 2608 ignorare.

383 2632 459 2715 Pag.
479 2632 543 2706 210.
567 2632 586 2697 2
616 2632 651 2695 in
677 2630 891 2697 deterioribus
915 2630 1007 2695 libris
1031 2630 1161 2713 prodita
1186 2632 1303 2713 [immo
1327 2635 1361 2700 in
1383 2634 1434 2700 lte

295 2741 421 2825 ginensi
444 2742 514 2804 solo
539 2743 571 2803 et
593 2739 705 2803 eadem
729 2760 825 2802 mauu
849 2742 993 2802 correcta
1013 2735 1048 2802 (l.
1067 2737 1133 2818 W.]
1153 2741 1322 2821 tenporius
1339 2742 1434 2807 forma
1462 2806 1464 2813 ,

295 2847 373 2930 quin
402 2847 521 2911 vitiosa
549 2846 592 2910 sit
620 2849 652 2908 et
680 2846 720 2910 ab
749 2845 822 2928 ipsa
851 2845 1045 2929 antiquitate
1069 2866 1202 2928 prorsus
1227 2846 1351 2933 aliena,
1376 2847 1432 2913 ian
1461 2922 1464 2927 ,

294 2975 359 3017 non
384 2954 526 3019 dubitari
549 2958 715 3036 putamus:
744 2952 969 3036 communique
993 2973 1152 3016 consensu
1176 2955 1342 3035 temperius
1364 2952 1432 3021 boni
1460 2946 1464 3005 '³

294 3060 420 3124 codices
452 3064 586 3124 tuentur
615 3059 700 3143 apud
728 3058 915 3123 Ciceronem
947 3059 1040 3142 epist
1071 3058 1120 3122 ad.
1148 3058 1226 3123 sam.
1253 3079 1308 3142 lx,
1336 3062 1434 3144 lue,
1462 3096 1464 3103 ·

293 3165 445 3231 Ovidium
468 3164 600 3230 Metam.
623 3183 670 3248 1v,
696 3166 768 3248 198,
795 3163 1010 3230 Columellam
1035 3182 1070 3248 11,
1095 3165 1146 3246 18,
1168 3166 1190 3230 2
1214 3171 1247 3230 et
1271 3186 1345 3250 v111,
1367 3166 1435 3245 4,6

295 3270 365 3358 (ubi
394 3277 469 3337 ante
498 3293 667 3336 excussum
691 3268 1002 3356 Sangermanensem
1029 3271 1109 3335 item
1137 3271 1310 3355 legebatur
1333 3280 1436 3357 tempo·

292 3377 384 3464 rius),
407 3379 602 3462 Appuleium
626 3376 759 3443 Metam.
778 3396 824 3462 1x,
843 3379 894 3459 26,
918 3376 1103 3442 Palladium
1121 3395 1173 3461 111,
1191 3379 1243 3462 21,
1262 3379 1284 3443 2
1301 3385 1336 3444 et
1349 3380 1436 3464 ¹Vr¹u

295 3487 342 3550 De
372 3488 514 3569 positivo
544 3490 652 3551 autern
681 3508 753 3550 curn
781 3485 833 3550 vel
861 3485 937 3549 hinc
965 3485 1044 3549 satis
1068 3484 1249 3569 probabilis
1272 3485 1344 3550 fieri
1367 3504 1437 3553 oon·

240 3618 281 3658 uos
296 3593 420 3658 iectura
446 3595 564 3676 possit,
591 3600 701 3657 tamen
729 3593 881 3677 quoniam
910 3592 1066 3677 quosdam
1093 3592 1186 3657 video
1215 3597 1348 3676 praeter
1368 3598 1438 3659 ta»-

288 3701 360 3781 pcri
388 3699 487 3764 etiam
516 3701 653 3765 alteram
681 3701 809 3782 tcnepori
831 3699 971 3765 sormam
994 3700 1146 3783 probare,
1174 3698 1251 3783 quid
1274 3699 1372 3765 buius
1392 3701 1437 3766 rai

294 3806 339 3870 sit
361 3807 472 3890 paucis
495 3807 674 3872 declarabo.
712 3807 756 3872 Et
780 3830 799 3870 a
821 3807 947 3871 ratione
972 3805 1101 3890 quidem
1125 3807 1186 3871 etsi
1209 3828 1275 3871 non
1295 3811 1347 3872 est
1363 3828 1440 3874 sane

293 3935 350 3977 cur
367 3915 548 3980 necessarie
568 3914 769 3999 improbetur
787 3913 923 3997 tenepori,
941 3918 978 3976 ut
997 3911 1081 3996 quod
1103 3911 1259 3976 similium
1279 3934 1345 3977 non
1363 3936 1438 3999 pau·

293 4043 403 4085 corum
431 4022 577 4106 exemplo
605 4021 705 4085 etiam
733 4020 898 4105 antiquius
922 4040 992 4082 esse
1017 4018 1119 4083 altero
1141 4020 1300 4104 potuerit,
1330 4024 1440 4087 tamen

295 4149 505 4157 ———n-.

366 4201 391 4265 2)
410 4198 497 4252 Locos
523 4215 585 4252 cum
612 4198 698 4252 semel
723 4197 752 4250 in
776 4196 921 4249 numerato
944 4194 1078 4263 habeam,
1103 4193 1126 4249 si
1145 4193 1194 4263 qui
1211 4195 1289 4250 volet
1306 4195 1441 4267 inspiciat

294 4282 343 4336 vit.
363 4283 389 4337 d.
409 4283 459 4338 lul.
479 4292 522 4338 31.
542 4291 585 4342 32.
604 4291 646 4341 49.
667 4291 708 4339 66.
729 4291 771 4340 69.
793 4291 835 4339 66.
856 4289 898 4338 74.
918 4283 944 4339 (l.
963 4283 1035 4353 Aug.
1056 4291 1097 4338 61.
1118 4283 1179 4338 Tib.
1195 4288 1238 4338 28.
1258 4291 1301 4340 29.
1321 4284 1381 4340 Cal
1395 4290 1438 4340 ³2

293 4379 336 4428 46.
356 4378 398 4426 49.
418 4371 514 4428 Claud.
536 4379 576 4427 16.
598 4380 639 4428 16.
658 4382 701 4431 40.
721 4375 784 4431 Ner.
806 4378 847 4430 10.
866 4378 909 4426 33.
929 4379 971 4425 36.
991 4378 1033 4428 47.
1054 4379 1096 4426 48.
1116 4372 1174 4427 711.
1193 4379 1219 4426 8.
1238 4374 1321 4443 vesp.
1336 4380 1381 4429 20·
1394 4378 1438 4428 22.

293 4461 349 4516 Tit.
369 4467 393 4516 6.
413 4461 493 4518 Dom.
516 4470 557 4518 11.
578 4470 618 4518 16.
638 4470 680 4517 20.
701 4464 735 4518 de
754 4481 870 4533 gramm.
890 4467 932 4514 22.
952 4467 994 4516 23.
