2932 5026
468 360 546 413 srva
570 365 817 414 uusnounnvu
840 364 946 412 amm.
1212 348 1275 415 561

160 506 347 591 Antiphili,
384 506 569 591 Theonis,
610 509 778 592 Apellis,
819 508 1100 591 Euphranoris:
1140 507 1278 572 alteram

160 614 354 698 antiquiorum
386 615 420 679 in
452 615 570 699 quibus
599 615 714 679 Zeuxis
747 620 781 679 et
807 614 1001 679 Parrhasius
1030 619 1138 679 essent
1166 619 1200 679 et
1230 615 1278 678 in·

160 720 279 786 consulto
302 724 340 786 ut
366 725 520 806 putamus
548 723 794 806 praetermissus
821 745 840 785 a
863 720 1040 786 Mercklino
1065 722 1277 806 Polygnotus.

160 825 258 902 Quodsi
287 828 384 893 binae
415 828 546 894 fuerunt
578 833 612 893 et
641 830 872 893 statuariorum
902 832 935 892 et
965 829 1127 912 pictorum
1159 828 1278 892 hebdo

160 933 258 1018 mades,
276 957 343 1000 non
366 940 476 1020 potest
498 937 670 1022 quicquam
694 937 735 1000 ab
760 938 832 1020 ipsa
854 936 1072 1001 concinnitate
1095 935 1168 1019 plus
1192 956 1277 998 com·

161 1039 348 1107 mendationis
375 1042 495 1107 habere
523 1063 620 1125 quam
643 1043 743 1106 etiam
768 1043 986 1127 sculptoribus
1015 1043 1108 1105 binas
1136 1040 1277 1104 tributas

161 1164 224 1210 esse:
250 1169 386 1232 quorum
420 1149 593 1213 multitudo
627 1171 684 1232 per
715 1149 813 1213 Plinii
846 1150 964 1214 librum
991 1147 1131 1213 XXXVI
1161 1147 1277 1212 diffusa

162 1251 199 1314 rel
220 1254 316 1318 tribus
346 1259 539 1339 quattuorve
567 1256 742 1339 aequandis
776 1257 869 1320 saeile
898 1256 1048 1320 sufficiat.
1085 1254 1145 1318 His
1176 1254 1278 1337 igitur

163 1378 203 1423 sex
217 1358 421 1425 hebdomadis
439 1362 497 1426 ubi
515 1363 689 1445 septimam
709 1362 890 1426 miscellam
911 1360 1084 1425 subieceris
1105 1383 1122 1426 e
1137 1361 1276 1445 scalpto-

161 1464 240 1550 ribus,
271 1468 501 1552 caelatoribus,
538 1469 706 1533 fictoribus
744 1469 972 1552 compositam,
1008 1471 1076 1532 tam
1108 1467 1276 1533 commode

162 1568 217 1636 hhri
232 1574 406 1639 duodecimi
426 1575 533 1659 spatia
552 1577 740 1659 expleveris,
759 1575 842 1640 nihil
863 1580 899 1639 ut
917 1575 957 1639 ad
976 1574 1140 1658 perfectae
1159 1596 1275 1659 aequa-

161 1674 270 1744 bilitatis
287 1682 454 1746 notionem
474 1681 682 1748 desideretur.
714 1682 818 1747 Nece
842 1706 906 1767 (pun
930 1682 1136 1765 potissimum
1160 1702 1276 1766 genere

161 1782 311 1870 principem
332 1787 440 1852 Varro
463 1789 620 1874 delegerit
643 1789 676 1853 iu
699 1788 784 1853 libro
808 1789 911 1872 primo
937 1789 1158 1872 praemissum,
1183 1788 1326 1852 valdexv

161 1907 233 1969 posse
256 1893 396 1959 dubitari
424 1895 559 1960 videtur.
595 1894 681 1960 Nam
709 1899 743 1958 et
770 1917 843 1958 cnm
871 1917 888 1957 e
917 1893 1078 1979 dignitate
1106 1895 1171 1959 tria
1193 1895 1275 1958 artis

161 2012 251 2075 genera
275 2001 470 2086 principalia
493 2006 694 2087 spectantur,
723 2001 756 2066 in
781 2003 903 2067 maiore
927 2002 1024 2065 etiam
1049 2024 1145 2086 quam
1170 2003 1276 2085 sculp-

119 2118 122 2125 '
162 2101 228 2167 iores
247 2113 277 2171 et
298 2109 442 2192 pictores
466 2109 588 2175 honore
611 2111 712 2175 fuisse
738 2110 916 2175 statuarios
943 2114 1080 2192 constat,
1103 2113 1136 2174 et
1163 2108 1276 2173 eodem

161 2212 244 2275 tettae
255 2217 546 2299 argumentationis
562 2219 615 2281 uia
629 2217 783 2282 ducimur.
808 2216 1048 2281 Statuariorum
1067 2217 1152 2280 enim
1169 2220 1275 2281 aetate

162 2314 290 2385 maiomm
311 2344 384 2387 cum
405 2323 488 2388 hane
502 2325 738 2389 hebdomadam
754 2347 771 2388 e
786 2323 881 2387 Plinii
897 2324 952 2388 lib.
967 2323 1107 2387 XXXIV
1123 2323 1196 2401 §dl
1207 2344 1276 2407 sqq.

161 2412 278 2493 Bumio
296 2432 428 2494 auctore
448 2432 655 2497 emissemus:
675 2432 847 2513 Phidiae,
869 2431 1070 2514 Polycliti,
1089 2428 1276 2513 Myronis,

161 2517 380 2619 Pythagorae
397 2536 837 2621 Rlnegini,Teleplnanis,
857 2538 1082 2619 Praxitelis,
1102 2536 1274 2618 Lysippi:

161 2632 207 2694 elsi
222 2642 261 2704 rei
274 2664 433 2706 summam
447 2643 625 2708 hlercklino
646 2645 863 2728 probavimus,
888 2649 996 2708 tamen
1016 2644 1070 2707 ille
1087 2665 1116 2725 p.
1130 2642 1170 2704 10
1182 2640 1273 2721 [537]

161 2751 233 2819 aegre
258 2750 331 2812 tulit
360 2749 626 2832 Pythagoram
655 2749 821 2813 Saluium
853 2749 1049 2833 neglectum,
1078 2769 1173 2832 quem
1201 2751 1277 2829 post

159 2835 241 2917 ipsum
271 2853 455 2937 Rheginum
488 2856 540 2918 his
573 2856 679 2919 uerbis
712 2855 837 2919 Plinius
871 2862 890 2935 ξ
919 2857 962 2920 60
995 2853 1275 2919 commemoravit:

158 2937 218 3013 ‘full
243 2965 273 3023 et
304 2961 387 3025 alius
422 2961 625 3045 Pythagoras
659 2960 800 3045 Sannina,
833 2965 926 3027 initio
960 2964 1077 3046 pictor,
1113 2962 1201 3024 errius
1235 2960 1274 3025 ad

153 3051 245 3127 aedem
266 3066 427 3131 Fortunae
451 3118 592 3132 ......
616 3068 749 3132 laudata
773 3073 857 3132 suut.
890 3070 942 3132 hic
962 3091 1059 3151 supra
1081 3069 1168 3132 dicto
1191 3069 1275 3131 facie

149 3167 259 3245 lacque
284 3172 461 3237 indiscreta
485 3175 600 3237 similis
625 3174 724 3237 finisse
748 3173 912 3238 traditur'.
950 3174 1038 3238 llaec.
1063 3176 1162 3258 euim,
1193 3195 1274 3257 (linae

142 3262 275 3366 ,Pirama
305 3280 486 3362 posuimus,
518 3301 581 3343 non
611 3286 648 3343 ut
680 3281 712 3343 in
746 3282 885 3343 transitu
917 3281 1043 3344 adiecta
1072 3304 1140 3344 esse
1169 3304 1207 3343 ex
1236 3302 1273 3343 co

136 3368 285 3473 ”stillegi
307 3387 392 3470 quod
412 3409 470 3450 nec
490 3387 529 3450 ad
549 3387 629 3451 artis
654 3387 834 3467 lnistcriam,
860 3389 891 3449 iu
916 3412 980 3470 qua
1004 3388 1073 3450 sola
1093 3393 1275 3450 versaretur

131 3470 277 3573 sonistor,
301 3494 473 3577 quicquam
498 3493 650 3571 lacerent,
674 3493 764 3556 etad
786 3494 888 3575 ipsam
910 3493 1088 3576 imaginum
1108 3493 1273 3555 notionem

127 3568 315 3682 {Varrone
339 3599 573 3682 explieatarum
595 3606 777 3683 spectarent
800 3605 837 3662 ut
860 3600 944 3682 quod
970 3599 1119 3662 maxime.
1151 3598 1273 3662 llectis·

124 3688 203 3787 ΒῘΠῙΕ
237 3705 267 3768 id
291 3707 420 3790 (peridem
443 3711 557 3769 nostro
582 3729 691 3769 sensu:
714 3707 810 3769 innodo
834 3728 873 3768 ne
894 3705 1107 3768 subtilissima
1129 3705 1272 3770 admoni-

121 3776 218 3865 t¹⁰¹¹ss
243 3813 289 3877 ita
314 3836 390 3876 usus
414 3820 500 3876 esset
524 3818 559 3876 ut
583 3837 601 3876 a
625 3814 821 3896 reliquorum
843 3812 1007 3893 societate,
1031 3834 1070 3874 ne
1094 3812 1272 3877 hebdomas

119 3886 360 3982 statllariorum
395 3925 614 4001 superaretur,
647 3918 841 3982 Praxitelem
875 3923 1067 4003 segregaret.
1109 3920 1167 3982 cui
1200 3942 1271 3983 cum

119 4006 176 4059 ¹¹⁰⁸
207 4024 360 4089 ultimum
381 4026 486 4089 locum
506 4051 525 4089 a
545 4027 652 4090 Plinio
671 4032 844 4110 propterca
861 4048 931 4089 esse
949 4026 1108 4089 tributum
1130 4025 1272 4090 llrunnio

120 4110 390 4214 cre(lidissennus,
423 4132 507 4214 quod
542 4133 676 4195 eundem
701 4131 877 4195 ‘marmure
911 4133 1099 4214 feliciorem,
1136 4133 1208 4197 ideo
1241 4137 1274 4197 et

124 4202 315 4300 ela‘fierem'
340 4238 410 4319 ipse
429 4235 553 4300 Plinius
577 4238 713 4301 dixisset
732 4240 822 4314 §dih
848 4261 916 4301 earu
940 4239 1044 4320 ipsam
1064 4239 1105 4302 ob
1125 4262 1272 4303 caussam

128 4332 195 4397 ”⁰¹1
220 4345 362 4426 potuisse
381 4342 466 4405 iuter
485 4346 672 4423 statuarios,
695 4345 842 4407 dehuissc
863 4345 945 4407 iuter
964 4346 1142 4428 sculptores
1162 4345 1272 4409 referri

136 4426 319 4514 aVarrone
347 4449 543 4514 Merchlinus
572 4452 689 4535 arguit.
728 4450 847 4515 Verum
876 4450 952 4533 quid
981 4457 1030 4515 est
1058 4452 1189 4516 tandem
1217 4473 1273 4515 cur

187 4566 224 4607 ιἰι
239 4574 386 4608 siracusam
403 4574 535 4610 cri-scuni
551 4576 591 4608 ιιι.
1026 4561 1059 4607 36
