2932 5026
193 299 258 364 276
584 317 622 363 rx
639 316 754 364 *vrrsn
777 301 946 364 raauxru

195 459 374 524 studiorum
393 479 584 543 mommque
602 460 637 523 in
657 460 835 525 amicitiam
854 460 1029 543 perductus
1048 463 1099 524 est
1118 458 1152 524 P.
1172 461 1338 545 Scipionis,

192 564 294 631 Laelii
319 565 492 651 Sapientis,
519 564 610 630 Furii
634 565 730 632 Phili.
776 590 913 651 quorum
936 567 1065 632 fabulas
1089 567 1124 630 in
1147 589 1245 634 scena
1266 569 1340 634 darc

192 673 287 737 illum
310 672 434 737 inimici
453 672 680 738 diffamabant:
705 674 844 738 maxime
864 677 972 738 autem
991 672 1127 739 Luscius
1145 672 1341 758 Lanuuinus,

193 780 248 863 qui
277 779 422 844 aemulus
447 780 515 844 eius
539 784 622 863 erat,
650 779 733 845 hanc
757 781 941 863 opinionem
965 779 1167 865 diuulgabat.
1215 784 1342 848 etcum

192 887 439 952 criminarentur
467 887 600 970 quidam
623 886 824 970 Terentium,
852 909 918 953 non
948 909 1023 952 uere
1047 909 1121 952 eum
1145 887 1342 954 Graecorum

192 1015 297 1057 mores
321 993 508 1077 exprimere,
532 999 582 1059 set
605 993 759 1079 pleraque
783 993 887 1058 latina
910 994 1016 1058 faeere
1040 995 1286 1080 consuetudine,
1308 1003 1344 1061 ut

192 1101 346 1166 instituta
366 1101 562 1167 Graecorum
585 1122 752 1185 moresque
776 1104 988 1186 cognosceret
1006 1098 1155 1167 Athenas
1177 1102 1344 1187 profectus

191 1212 242 1272 est
272 1208 382 1293 ibique
414 1208 613 1292 aliquamdiu
646 1211 865 1273 commoratus
893 1208 1107 1273 Menandrum
1140 1209 1174 1273 in
1204 1210 1344 1275 latinum

191 1337 372 1381 sermonem
399 1315 607 1380 transtulisse
636 1314 762 1379 dicitur.
808 1320 858 1380 set
884 1337 955 1379 cum
979 1315 1119 1380 Romam
1142 1317 1344 1400 repetiturus

191 1426 290 1506 esset,
318 1424 461 1488 sarcinas
489 1422 681 1505 fabulasque
710 1444 789 1507 quas
818 1422 864 1487 ibi
892 1422 1134 1506 conscripserat
1160 1423 1197 1488 in
1224 1444 1369 1490 nauem.

189 1529 346 1613 imposuit
374 1549 457 1611 quae
479 1527 611 1593 Malean
640 1528 814 1594 circuitura
837 1533 915 1595 erat
960 1530 1031 1613 ipss
1053 1531 1203 1595 terrestri
1226 1531 1369 1596 itinera

137 1658 177 1697 reu
190 1636 306 1700 Patras
334 1635 500 1719 profectus
524 1639 587 1717 est,
615 1635 671 1699 ubi
695 1657 812 1701 nauem
836 1640 1007 1720 expectare
1030 1639 1263 1723 constituerat,
1291 1659 1369 1702 au—

191 1743 324 1826 ditoque
347 1739 528 1826 naufragio,
552 1762 648 1826 aegre
672 1742 780 1807 ferens
800 1743 935 1808 amissas
955 1742 1094 1828 fabulas,
1119 1742 1369 1828 Stymphalia·

190 1850 329 1914 decessit
351 1850 385 1912 in
410 1847 558 1931 Meadia,
583 1849 650 1929 [ubi
671 1855 700 1914 ct
721 1852 873 1931 mortuiis]
898 1850 1090 1935 publiceque
1113 1851 1266 1934 sepultus
1286 1855 1369 1938 est,

190 1955 246 2021 Cn.
271 1953 443 2021 Dolabella
466 1954 583 2020 Fuluio
604 1956 775 2023 Nobiliore
799 1958 994 2024 consulibus.
1039 1958 1171 2024 fabulae
1196 1959 1268 2024 sius
1291 1980 1361 2022 ex·

190 2066 263 2128 tant
295 2065 435 2145 quatuor
469 2083 508 2126 ex
535 2060 712 2129 Menandro
743 2065 935 2150 translatae,
974 2063 1114 2150 Andria,
1152 2063 1354 2150 Eunuchus,

192 2206 214 2210 -
219 2203 403 2211 --.—-——.

189 2293 294 2347 tutores
318 2290 404 2346 etiam
422 2289 556 2359 publice.
574 2333 579 2344 .
595 2333 601 2347 .
617 2289 823 2360 uituperarsnt:
855 2307 910 2359 quo
929 2293 1026 2346 tamen
1045 2307 1109 2345 sum
1129 2291 1166 2347 ad
1181 2292 1341 2349 huiusmodi

190 2380 428 2451 ...impulerunt
445 2379 487 2434 ecl
504 2379 641 2449 similiter]
714 2384 730 2432 b
750 2381 794 2433 est
811 2395 862 2435 om.
882 2380 937 2434 AB
1010 2380 1039 2434 P.
1059 2395 1110 2435 om.
1124 2380 1196 2435 ΒΜ
1277 2387 1335 2438 sel

188 2471 276 2526 Laelii
300 2469 433 2540 sapientis
448 2472 487 2523 'et
506 2468 544 2522 M
630 2467 684 2521 furi
707 2468 768 2537 puli
786 2469 821 2521 A.
845 2468 942 2539 rnpilii
960 2469 1033 2523 ΒΜ.
1058 2467 1137 2522 Furii
1154 2469 1252 2525 Publii
1270 2472 1335 2527 asa

188 2562 271 2616 codex
294 2562 407 2632 quidam
430 2579 448 2613 α
467 2559 691 2613 Liadcnbrucbio
715 2564 935 2614 commmoratur
953 2560 991 2614 ud
1009 2559 1154 2613 Donatum
1171 2560 1205 2614 in
1224 2561 1331 2629 Adelph.

184 2651 257 2718 prol.
277 2654 320 2704 15.
347 2649 433 2718 Apud
455 2649 546 2716 ipsum
564 2648 707 2702 Donat-um
733 2647 837 2701 furium
861 2647 950 2717 pilum
973 2654 1011 2703 est
1034 2650 1067 2703 im
1089 2649 1146 2704 cod.
1167 2649 1333 2704 Danieliscl

188 2741 228 2793 cd.
243 2741 346 2808 prime,
365 2738 467 2793 furium
486 2738 566 2807 pium
584 2739 616 2791 im
634 2737 777 2804 veteratae,
795 2737 909 2792 Furium
928 2738 1058 2793 Publium
1075 2743 1137 2808 poet
1155 2740 1299 2808 culpatus·

188 2847 271 2884 sceno
290 2830 316 2882 A
390 2828 506 2883 'iillum
524 2844 574 2882 om.
594 2827 660 2880 libri
732 2829 825 2881 autem
845 2827 933 2881 lusius
948 2829 983 2881 A.
1007 2830 1102 2882 autem
1121 2827 1213 2884 lucius
1226 2830 1263 2886 B.
1281 2833 1333 2885 tur·

187 2917 285 2971 tullius
305 2918 342 2970 M
412 2915 535 2971 lauinins
554 2915 622 2969 ΒΜ
692 2915 788 2970 Seius
808 2916 934 2971 aemulus
951 2916 988 2969 M
1058 2916 1228 2987 diuulgabst
1246 2935 1295 2975 om.
1310 2923 1335 2974 A

260 3007 299 3074 et]
324 3006 372 3059 sed
391 3007 457 3060 libri
547 3011 638 3058 9non
657 3022 721 3059 uere
741 3006 817 3075 enm]
837 3022 892 3060 non
911 3022 976 3060 uere
995 3008 1034 3059 M.
1063 3010 1200 3075 rogauero
1219 3011 1255 3063 A.
1283 3027 1335 3064 nou

76 3078 79 3088 ⁵
188 3110 269 3148 ueros
287 3094 314 3145 B
389 3102 421 3149 10
440 3094 595 3163 exprimere
614 3093 667 3164 set]
689 3094 857 3163 exprimeret
875 3095 911 3151 A.
931 3093 1084 3163 exprimere
1102 3095 1173 3150 ΒΜ
1187 3099 1233 3163 (de
1254 3097 1282 3151 P
1297 3104 1334 3152 tu·

188 3188 274 3252 cetur)
362 3183 453 3238 latina
471 3183 574 3253 facere]
598 3183 627 3236 in
648 3182 738 3237 latina
756 3182 827 3239 ferre
846 3186 881 3238 A.
920 3183 949 3237 in
969 3184 1058 3239 latina
1076 3183 1136 3239 fore
1153 3185 1223 3239 ΒΜ
1238 3187 1285 3251 (dc
1303 3186 1334 3240 P.

188 3278 304 3340 mcctsrr)
359 3278 390 3326 11
411 3290 556 3341 moresque
576 3273 746 3328 Graecorum
766 3274 804 3326 M
859 3279 890 3327 12
909 3273 1006 3342 ibique
1024 3275 1050 3327 A
1070 3274 1151 3342 (B?).
1171 3275 1212 3329 ibi
1232 3275 1298 3330 MP

187 3362 373 3433 aliquamdiu]
392 3361 543 3433 compluris
561 3379 648 3416 annos
667 3360 696 3414 P
765 3360 950 3416 menandrum
970 3349 999 3417 et
1016 3362 1209 3433 demophilum
1228 3364 1258 3418 in
1275 3363 1303 3417 P

189 3459 221 3506 13
240 3454 294 3523 set]
319 3454 348 3508 et
365 3452 431 3507 libri
499 3451 679 3521 repetiturus]
704 3450 843 3520 petiturus
862 3451 928 3505 libri
996 3459 1029 3506 14
1047 3451 1143 3506 nanim
1162 3454 1197 3507 A.
1223 3454 1290 3509 usui
1310 3452 1337 3507 P

237 3549 269 3595 lb
289 3540 448 3610 composuit
467 3539 496 3592 P
566 3540 676 3595 maleon
694 3539 758 3593 BP.
782 3539 907 3595 marieon
927 3541 962 3597 A.
986 3541 1137 3596 malianum
1156 3541 1250 3596 sinum
1268 3543 1335 3596 dicit

189 3631 365 3695 Polemonos,
383 3629 474 3683 einum
495 3629 637 3697 Illyricum
658 3628 793 3684 Petrarca
870 3629 931 3699 ipsc
946 3673 952 3684 .
969 3670 975 3681 .
991 3672 997 3684 .
1014 3671 1021 3684 .
1036 3631 1224 3686 constituerat
1239 3647 1288 3686 om.
1308 3632 1333 3685 A

242 3726 275 3773 16
294 3718 343 3773 ubi
361 3722 390 3773 et
408 3734 508 3772 nauem
529 3719 566 3771 M
664 3724 695 3772 17
715 3717 843 3772 amisisse
860 3718 925 3771 AB.
945 3718 1110 3773 amissorum
1128 3719 1293 3774 scriniorum
1310 3720 1337 3773 P

242 3807 415 3878 stimphalim
435 3808 499 3874 AB,
520 3805 661 3863 Petrurcu.
682 3807 841 3877 Stymphali
861 3808 932 3861 MP.
959 3810 1018 3863 Aut
1036 3809 1179 3864 obversata
1196 3814 1235 3864 cst
1252 3811 1336 3864 menti

186 3896 328 3964 scriptoris
347 3896 519 3967 Stymphalis
537 3897 642 3965 (palus)
660 3898 764 3963 somna,
787 3902 837 3951 cut
855 3900 1045 3968 corripendum
1065 3898 1264 3969 Stymphalum

187 3984 318 4056 decessit]
337 4004 376 4041 am
393 3985 527 4042 secessit?
584 3991 616 4041 18
636 3985 769 4041 archadia
787 3987 813 4039 A
868 3988 916 4042 ubi
936 3990 964 4043 et
982 3991 1108 4043 mortuus
1121 3989 1163 4042 ecl
1176 3989 1287 4057 aliquid
1299 3990 1334 4043 si·

186 4076 248 4128 mile
266 4077 435 4131 imtcrm'dr'ssc
449 4081 519 4145 puto
595 4075 764 4146 publiceque
782 4074 822 4128 ibi
841 4076 967 4144 sepultus
988 4075 1054 4129 MP
1129 4083 1162 4132 19
1183 4076 1232 4132 Cn.
1251 4077 1334 4132 Dola·

186 4164 288 4220 bella.
309 4208 314 4219 .
336 4208 341 4218 .
363 4210 369 4221 .
388 4166 547 4220 consulibus
566 4181 615 4221 om.
636 4166 662 4218 A
751 4165 800 4220 Gr.
820 4164 962 4219 delobella
979 4165 1014 4218 B.
1053 4164 1081 4220 C.
1103 4165 1251 4221 Dolabella
1270 4167 1336 4220 MP

259 4253 357 4308 Fuluio
376 4254 533 4326 Nobiliore]
553 4258 583 4311 et
600 4254 689 4309 luluio
706 4254 811 4309 honore
830 4254 865 4308 B.
892 4254 993 4308 Fuluio
1012 4254 1113 4310 Flacco
1133 4256 1176 4310 M.
1196 4257 1226 4310 et
1243 4256 1334 4310 luluio

189 4342 217 4396 P
287 4350 321 4397 20
340 4347 459 4412 quatuor
477 4363 512 4400 ex
530 4346 574 4401 bis
593 4362 647 4415 que
666 4362 741 4401 rome
760 4361 793 4398 ex
812 4344 964 4399 menandro
982 4345 1136 4399 translatae
1155 4347 1221 4398 sunt
1240 4344 1270 4398 P

186 4433 326 4488 translata
343 4435 371 4488 A
441 4434 542 4491 adria
559 4437 591 4492 st
605 4436 635 4489 A
