2956 5018
183 315 248 379 542
516 333 631 380 nunna
653 317 798 380 vasao’s
821 329 998 379 inaeruvu

183 475 217 538 in
241 475 401 539 artificum
425 497 558 540 recensu
585 496 650 539 non
679 476 828 540 omnibus
852 475 995 539 eiusdem
1018 471 1097 536 libri
1121 471 1324 539 hebdomadi·

183 582 257 664 bus,
280 580 335 645 ‘sed
360 582 428 664 uui,
450 582 600 646 uidelicet
622 582 759 665 primae,
782 581 989 666 respondisse
1012 578 1175 643 ridentur.
1221 577 1324 644 Veris·

184 688 263 752 sime
287 692 394 752 autern
418 688 542 752 Valerii
565 688 699 753 Maximi
724 688 921 753 Ritsehelius
946 687 1108 767 meminit,
1137 686 1223 750 unde
1245 685 1325 751 loco

182 818 253 859 rum
283 795 500 858 communium
524 793 789 859 Hebdomadibus
818 800 969 878 aptorum
997 792 1088 857 facili
1116 793 1252 877 negotio
1275 793 1327 856 ali-

182 903 254 986 quis
278 892 518 965 multitudinem
542 906 678 984 promat,
702 925 766 985 qua
790 924 963 965 numerosa
986 901 1119 965 illarum
1139 907 1326 984 argumenta

182 1008 341 1073 restituat.
398 1007 500 1083 Quem
533 1011 697 1072 auctorem
734 1009 891 1072 nonnulla
927 1030 966 1073 ex
999 1006 1149 1071 Varrone
1186 1007 1326 1071 derivata

183 1115 347 1178 continere
372 1136 436 1178 non
461 1113 609 1178 absimile
634 1119 684 1178 est
707 1137 783 1179 vero
807 1114 861 1197 (cf.
884 1114 1011 1198 Kempf.
1035 1136 1065 1196 p.
1088 1113 1128 1177 19
1145 1113 1207 1197 sq.)
1236 1113 1327 1196 idque

182 1221 326 1304 apertius
352 1221 504 1301 futurum,
528 1219 557 1282 si
579 1220 681 1303 ipsius
696 1219 853 1285 Varronis
876 1221 978 1285 libros
1002 1219 1087 1283 credi
1110 1224 1226 1302 posset
1247 1218 1326 1284 erol-

183 1328 276 1410 visse,
296 1349 377 1411 quae
397 1326 525 1410 quidem
545 1326 698 1410 ambigua
719 1327 880 1390 sententia
899 1332 949 1390 est
969 1326 1023 1408 (cf.
1038 1323 1192 1408 Dirlrsen,
1206 1325 1236 1390 d.
1255 1325 1326 1389 hist

182 1433 472 1518 Beispielsammlg.
497 1433 552 1496 des
567 1431 638 1495 Val.
654 1432 738 1497 Max.
762 1433 795 1495 in
820 1430 943 1496 Comm.
964 1432 1052 1495 acad.
1071 1431 1179 1496 Berol.
1199 1455 1228 1496 a
1247 1433 1325 1497 1845

181 1565 210 1625 p.
238 1540 322 1624 124).
372 1540 486 1622 ltaque
520 1539 687 1602 obscurius
720 1537 810 1601 illius
842 1530 945 1603 fontis
978 1537 1127 1620 exempla
1162 1543 1325 1622 apparent,

182 1669 318 1731 quorum
342 1667 439 1708 unum
465 1643 620 1707 indicasse
644 1643 798 1727 sufficiat,
827 1645 911 1728 quod
936 1649 985 1707 est
1012 1645 1044 1707 in
1070 1644 1090 1707 l.
1117 1644 1147 1709 V
1171 1668 1198 1710 c.
1221 1645 1242 1708 6
1265 1648 1285 1725 ξ
1305 1645 1324 1709 3

180 1752 231 1815 his
256 1751 362 1815 verbis
387 1755 591 1833 conceptum:
620 1749 780 1815 ‘Genucio
804 1748 887 1833 Cipo
909 1751 1053 1833 praetori
1078 1751 1234 1835 paludato
1258 1773 1324 1835 por·

181 1863 248 1921 tam
273 1857 452 1941 egredienti
475 1856 552 1921 novi
576 1861 671 1940 atque
694 1857 833 1921 inauditi
854 1856 981 1941 generis
1000 1856 1188 1942 prodigium
1208 1857 1323 1922 incidit

180 1962 329 2049 Namque
356 1965 390 2027 in
419 1965 526 2047 capite
555 1965 622 2028 eius
646 1963 754 2028 subito
780 1964 880 2028 veluti
904 1986 1024 2029 cornua
1048 1971 1256 2047 crepuerunt,
1281 1987 1324 2029 re-

180 2093 400 2154 sponsumque
432 2077 483 2134 est
510 2090 618 2154 regem
647 2093 720 2135 eum
750 2071 833 2153 fore,
864 2072 890 2134 si
924 2072 958 2135 in
986 2072 1098 2136 urbem
1132 2071 1323 2136 revertisset

181 2177 273 2253 Quod
297 2198 336 2241 ne
360 2175 528 2259 accideret,
551 2177 770 2241 voluntarium
789 2200 827 2241 ao
846 2183 1037 2261 perpetuum
1057 2177 1194 2243 sibimet
1212 2177 1323 2243 indixit

181 2283 322 2347 exilium.
367 2281 509 2366 Dignam
537 2283 707 2367 pietatem,
740 2306 821 2368 quae
849 2285 934 2369 quod
963 2285 1004 2349 ad
1027 2284 1167 2349 solidam
1191 2285 1321 2369 gloriam

181 2390 300 2452 attinet
327 2391 450 2472 septem
478 2387 610 2473 regibus
638 2390 848 2473 praeferatur.
894 2389 994 2455 Cuius
1022 2391 1195 2456 testandae
1224 2390 1323 2476 gratia

143 2517 166 2557 u
181 2496 297 2580 capitis
316 2495 439 2579 effigies
460 2516 554 2558 aerea
574 2501 697 2579 portae,
722 2518 785 2579 qua
804 2503 992 2580 excesserat,
1012 2498 1140 2563 inclusa
1159 2503 1210 2562 est
1233 2497 1322 2561 dicta·

181 2626 242 2687 que
265 2601 530 2683 Raudusculaua,
563 2602 641 2665 olim
675 2624 750 2666 aera
782 2604 918 2668 raudera
951 2603 1171 2670 dicebantur'.
1204 2641 1249 2653 -
1278 2602 1321 2667 Ila

180 2710 279 2774 verba
299 2709 465 2792 liempfius
491 2732 519 2791 p.
536 2710 579 2772 20
603 2709 641 2772 ad
656 2708 813 2774 Varronis
838 2713 1067 2776 auctorit-atem
1092 2711 1223 2776 rettulit
1245 2715 1320 2774 reete

181 2816 324 2899 quidem,
352 2815 407 2879 sed
432 2814 628 2899 nescioquo
654 2823 845 2898 argumento
876 2840 966 2898 usus,
995 2819 1080 2901 quod
1105 2822 1201 2882 tanto
1225 2816 1319 2901 magis

180 2923 324 3004 proferre
349 2921 496 3005 debebat,
520 2922 672 3005 quoniam
696 2922 781 2986 idem
804 2924 839 2986 in
864 2925 1077 2988 annotatione
1101 2925 1199 2989 adh.
1223 2925 1244 2987 l.
1266 2921 1319 2986 Va·

180 3027 295 3091 larium
314 3025 493 3090 Maximum
517 3050 648 3092 causam
672 3029 901 3111 appellationis
925 3036 1041 3114 portae
1058 3031 1318 3096 Raudusculanae

180 3134 279 3196 aliam
308 3138 404 3215 atque
434 3133 614 3198 Varronem
644 3134 681 3198 de
710 3136 730 3200 l.
758 3135 828 3200 Lat.
852 3136 892 3219 V,
919 3138 980 3202 163
1008 3139 1139 3203 tradere
1167 3140 1317 3204 observet

180 3238 325 3303 Eandem
352 3260 418 3302 rem
442 3239 602 3303 uberrime
625 3243 772 3305 narravit
793 3241 927 3307 Ovidius
949 3244 1026 3310 Met.
1048 3244 1122 3326 XV,
1144 3244 1318 3323 565-6‘21,

180 3346 369 3411 brevissime
389 3346 502 3430 attigit
522 3346 645 3411 Plinius
660 3347 701 3412 N.
716 3346 756 3411 H.
771 3347 826 3431 XI,
845 3349 915 3432 123,
935 3351 1135 3415 Actaeonem
1155 3374 1228 3415 cum
1249 3348 1318 3432 Cipo

179 3452 336 3519 fabulosis
368 3476 582 3518 annumerans
614 3477 714 3538 eaque
745 3478 782 3518 cx
810 3455 957 3520 Varrone
987 3458 1093 3540 petita
1124 3459 1219 3522 fidem
1249 3456 1318 3521 facit

179 3560 274 3624 index
300 3567 466 3625 auctorum
491 3562 565 3625 libri
590 3560 649 3643 XI,
678 3563 732 3646 qui
758 3586 777 3624 a
799 3561 842 3625 M.
867 3563 1013 3628 Varrone
1038 3565 1207 3628 exordium
1230 3564 1318 3628 habet

180 3665 233 3750 (cf.
252 3667 373 3747 Brnnu,
392 3667 430 3730 de
450 3673 618 3732 auctorum
637 3668 799 3733 indicibus
822 3668 979 3733 Pliniauis
1000 3671 1081 3753 disp.
1102 3670 1207 3736 Boura
1220 3668 1317 3755 1856).

179 3770 292 3854 Itaque
316 3772 533 3855 discrepantia
556 3775 613 3838 illa
636 3796 702 3839 non
726 3775 855 3840 obstare
880 3775 1020 3858 videtur,
1045 3778 1221 3861 quominus
1243 3777 1318 3841 hunc

180 3881 236 3940 aut
258 3882 429 3962 utrumque
453 3880 486 3943 in
509 3879 774 3946 Hebdomadibus
799 3883 945 3965 posuerit
968 3882 1087 3967 Varro,
1119 3907 1217 3970 quem
1241 3908 1260 3949 a
1281 3884 1318 3947 la-

179 3983 295 4048 bulosa
312 3986 452 4049 historia
469 4008 534 4050 nou
553 4009 685 4070 prorsus
701 3988 898 4052 abstinuisse
912 3990 1108 4055 documento
1124 3997 1175 4055 est
1191 3992 1318 4056 Aeneae

179 4089 286 4174 Atque
301 4092 390 4156 vides
410 4114 507 4176 quam
527 4093 608 4156 bene
627 4092 667 4155 ad
682 4092 812 4158 Aeneae
835 4094 982 4159 habitum
1006 4117 1044 4159 ex
1070 4117 1166 4178 opere
1191 4098 1318 4180 antiqno

180 4195 373 4260 delineatum
398 4198 569 4262 conveniat
583 4196 655 4280 Cipi
679 4197 787 4283 imago
812 4222 905 4264 aerea
928 4205 1043 4284 portae
1057 4201 1319 4269 Raudusculanae

80 4303 89 4323 ’
179 4303 311 4367 inclusa.
358 4301 482 4368 Deinde
506 4305 538 4368 id
562 4327 689 4389 quoque
713 4327 777 4370 non
801 4307 973 4371 fortuitum
998 4307 1139 4391 videtur,
1162 4309 1264 4392 quod,
1285 4313 1318 4372 ut

180 4408 264 4491 apud
282 4407 449 4474 Valerium
474 4407 578 4475 Curtii
601 4412 634 4475 in
658 4410 785 4476 hiatum
809 4417 912 4477 terrae
935 4414 1117 4480 desilientis
1140 4416 1317 4499 exemplum
