2956 5018
469 355 547 403 srva
572 355 818 402 11110011ον1
842 355 947 402 niani.
1218 338 1281 402 537

165 498 284 564 11111111.
320 498 391 575 Quo
415 499 503 564 facto
526 500 634 583 ipsum
657 499 965 582 librorumnomen,
989 497 1073 583 quod
1096 519 1191 562 nemo
1215 497 1284 581 qui·

166 605 220 669 den
235 626 372 690 unquam
391 605 562 690 dubitavit,
585 606 663 690 quin
682 627 701 669 a
721 606 863 689 septenis
882 605 1081 689 imaginibus
1101 626 1158 687 per
1177 605 1285 687 capita

167 710 308 795 dispositis
330 712 539 777 derivandum
565 711 616 794 sit,
639 712 687 775 ita
711 711 907 776 illustratum
931 719 981 775 est
1000 716 1097 794 atque
1116 712 1283 776 confirma·
1332 736 1338 756 1

166 820 227 901 1111,
246 823 280 883 11
301 840 397 885 nemo
419 824 553 902 propter
575 818 733 883 Varronis
757 818 878 883 dictum
903 841 922 881 a
941 816 1045 882 Gellio
1069 817 1205 882 relatum
1227 818 1284 901 Ill,

171 924 259 1005 1111
287 924 339 990 ‘se
367 947 495 1010 qnoque
524 925 590 989 iam
617 923 842 988 duodecimam
866 945 1025 988 annorum
1048 922 1284 990 hebdomadam

168 1029 322 1114 ingressum
349 1052 420 1096 esse
449 1035 481 1095 11
505 1032 545 1095 ad
569 1054 640 1096 eam
664 1031 749 1095 diem
775 1032 983 1116 septuaginta
1007 1030 1225 1096 hebdomadas
1250 1033 1284 1097 11-

168 1136 266 1202 11111οι
282 1137 529 1222 conscripsisse'
548 1138 587 1202 de
605 1137 841 1202 hebdomadum
863 1138 1084 1221 appellatione
1108 1161 1127 1200 a
1150 1161 1285 1204 numero

168 1242 257 1309 houm
284 1244 444 1310 librorum
472 1245 646 1328 repetenda
669 1245 812 1328 cogitare
837 1243 950 1328 possit
996 1243 1102 1328 Atque
1127 1267 1164 1308 ex
1188 1246 1284 1309 medi-

170 1371 252 1416 corum
286 1352 489 1418 hebdomade
526 1352 611 1434 apud
643 1351 784 1415 Plinium
818 1351 926 1431 obvia,
963 1372 1027 1433 qua
1059 1348 1285 1436 Hippocrates,

170 1454 285 1541 Diocles,
315 1457 534 1543 Praxagoras,
567 1456 783 1541 Chrysippus,
815 1456 1048 1537 Erasistratus,
1080 1456 1286 1540 Herophilus,

170 1560 350 1647 Asclepiades
378 1564 707 1648 comprehenduntur,
740 1586 805 1628 non
834 1563 938 1627 solum
961 1563 1168 1646 perspicitur,
1201 1565 1285 1648 quod

170 1666 229 1732 deta
246 1692 340 1753 opera
364 1671 536 1736 annotavit
558 1671 767 1753 Ritschelius,
791 1671 826 1734 in
849 1670 965 1734 horum
988 1669 1176 1734 nominibus
1200 1692 1285 1734 com·

171 1776 297 1857 ponendis
320 1775 504 1843 Varronem
527 1799 593 1843 non
615 1777 797 1862 neglexisse
821 1781 1004 1860 temporum
1028 1777 1202 1861 rationem,
1230 1777 1286 1843 sed

171 1881 245 1947 111111
266 1889 401 1969 apparet
425 1906 496 1948 eum
517 1885 557 1949 ab
578 1885 768 1968 aequalibus
787 1883 978 1967 recipiendis
999 1905 1063 1948 non
1083 1884 1287 1968 abstinuisse,

171 2005 244 2067 quun
272 1990 496 2074 Asclepiadem
525 1989 649 2055 Plinius
678 1993 698 2070 ξ
726 1992 766 2055 12
796 1995 902 2055 111111
931 1990 1042 2075 Magni
1071 1989 1216 2074 Pompeii
1244 1991 1285 2054 ab

172 2095 260 2160 orandi
276 2096 462 2182 magisterio
481 2097 521 2161 ad
536 2101 640 2161 artem
655 2097 811 2161 medicam
828 2119 862 2160 se
877 2099 1073 2163 convertisse
1087 2098 1286 2181 profiteatur.

172 2194 249 2266 Paulo
273 2202 459 2287 impeditior
485 2207 536 2267 est
565 2202 702 2267 Brunnii
730 2204 962 2269 statuariorum
990 2203 1181 2269 hebdomas:
1214 2203 1287 2267 Phi-

172 2300 248 2390 dian,
266 2307 476 2393 Polyclitum,
501 2307 684 2393 Myronem,
712 2309 945 2394 Pythagoram,
975 2309 1167 2395 Lysippum,
1195 2310 1287 2373 Tele·

172 2406 292 2499 1111111,
310 2414 508 2479 Praxitelem
522 2416 691 2499 complexa
706 2439 725 2480 1
739 2415 845 2481 Plinio
861 2415 999 2480 XXXIV
1016 2419 1036 2496 ξ
1050 2417 1179 2480 54-11
1201 2414 1287 2479 haud

172 2510 244 2583 dubie
276 2544 313 2587 ex
351 2520 548 2604 imaginibus
581 2520 796 2585 Varronianis
834 2526 1110 2586 commemoratos.
1174 2518 1287 2604 Neque

171 2622 252 2690 buren
280 2628 314 2692 in
338 2626 524 2709 Telephane
554 2632 586 2691 et
609 2627 797 2712 Pythagora
824 2628 1076 2711 ignobilioribus
1100 2627 1164 2691 illis
1189 2626 1286 2690 offen·
1303 2645 1329 2685 10

171 2722 264 2817 dimus,
289 2735 407 2818 quippe
435 2734 509 2818 plus
538 2757 601 2798 uno
625 2735 753 2799 nomine
777 2759 797 2798 1
820 2734 966 2799 Β111110
992 2735 1042 2799 vel
1067 2757 1086 2798 a
1110 2732 1287 2797 Ritschelio

170 2828 301 2906 defensos.
339 2840 400 2905 Sed
426 2841 615 2906 offendimus
635 2843 669 2905 in
688 2841 861 2905 Praxitele.
901 2842 961 2918 Qui
987 2864 1084 2925 quum
1109 2844 1288 2904 extremum

168 2934 252 3012 1011111
270 2950 356 3012 11111
375 2953 500 3031 septem
520 2947 695 3013 statuarios
715 2948 801 3032 apud
816 2949 957 3013 Plinium
976 2954 1091 3013 nactus
1111 2948 1162 3029 sit,
1185 2967 1287 3029 neque

165 3047 216 3117 ullo
236 3055 313 3119 artis
336 3054 456 3119 iudicio
481 3060 623 3139 ornatus,
646 3056 741 3120 huius
766 3060 799 3119 et
822 3055 945 3119 ordinis
965 3059 998 3119 et
1016 3056 1137 3119 silentii
1157 3052 1288 3137 permiti

160 3160 300 3225 utonem
325 3161 373 3224 ita
396 3162 551 3244 explicuit
574 3160 749 3241 Brunnius,
779 3166 815 3225 ut
844 3183 937 3244 quern
962 3161 1086 3226 Plinius
1112 3160 1288 3224 ‘marmore

157 3258 318 3332 feliciorem
341 3267 478 3352 ideoque
502 3273 535 3331 11
557 3267 743 3332 clariorem’
769 3268 867 3349 dicat,
891 3291 963 3331 eum
988 3273 1159 3351 propterea
1183 3291 1202 3331 1
1225 3272 1288 3330 sta·

153 3368 322 3437 luariorum
364 3373 520 3438 101111111
557 3374 763 3439 Varroniana
800 3374 976 3437 seiunxerit
1016 3373 1288 3456 reservaveritque

148 3480 341 3564 sculptorum
371 3479 530 3562 recensui,
560 3480 615 3543 ubi
646 3483 754 3544 tamen
785 3482 823 3545 ‹le
854 3502 891 3545 eo
919 3480 1072 3543 iudicium
1100 3504 1120 3543 a
1142 3478 1288 3543 Varrone

144 3587 248 3670 priore
276 3588 348 3650 loco
377 3585 499 3649 factum
528 3586 746 3670 imprudenter
774 3586 920 3651 omiserit
952 3586 1108 3650 naturalis
1135 3585 1290 3649 historiae

142 3693 349 3776 compositor.
387 3690 472 3756 Nam
497 3696 569 3755 utut
592 3696 684 3756 acute
709 3693 769 3757 hoc
790 3693 1009 3777 excogitatum
1033 3696 1091 3772 est,
1114 3696 1223 3756 tamen
1249 3714 1289 3753 ne

141 3799 188 3865 eie
219 3798 351 3883 quidem
384 3799 494 3861 mirari
527 3798 724 3881 desinemus,
757 3822 777 3862 a
805 3799 949 3863 Varrone
982 3797 1174 3862 Praxitelem
1207 3819 1289 3860 mar-

140 3926 230 3971 more
254 3904 431 3987 sculpendo
455 3905 623 3969 clariorem
641 3927 709 3970 non
727 3905 812 3969 inter
831 3907 1017 3989 sculptores,
1041 3904 1096 3968 sed
1120 3905 1202 3968 inter
1225 3909 1289 3968 sta·
1389 3932 1393 3941 ·

140 4013 267 4079 tnarios
290 4016 455 4095 receptum
479 4034 558 4095 esse,
581 4012 698 4095 quibus
722 4034 813 4075 suam
837 4011 1070 4076 hebdomadem
1093 4012 1142 4074 vel
1168 4010 1290 4094 Scopae

139 4122 254 4185 nostro
273 4119 345 4183 loco
366 4139 431 4182 non
450 4119 667 4201 comparentis
687 4141 805 4182 nomen
823 4119 916 4182 docet
935 4117 1044 4181 datam
1063 4116 1174 4182 fuisse.
1203 4117 1288 4183 Nam

139 4225 278 4291 eundem
307 4224 503 4289 Praxitelem
534 4226 584 4289 bis
607 4249 634 4288 a
659 4224 803 4289 Varrone
834 4223 1037 4306 propositum
1067 4224 1167 4288 fuisse
1197 4248 1290 4289 nemo

140 4338 192 4398 est
224 4333 281 4415 qni
313 4330 494 4395 crediderit.
546 4332 630 4396 Eum
655 4332 811 4396 Varronis
846 4331 914 4393 sive
947 4353 1086 4394 errorem
1119 4330 1291 4394 fortuitum

140 4442 208 4504 sire
233 4438 377 4503 animum
401 4440 596 4524 pertinacem
620 4463 660 4503 ne
680 4440 898 4522 admittamus,
921 4438 992 4521 ipse
1011 4436 1137 4501 Plinius
1157 4436 1290 4500 suadere
