2932 5026
284 305 350 369 240
678 323 714 369 nr
738 322 848 369 vrrsu
870 322 1038 369 susurru

282 466 332 530 die
362 466 416 530 vel
448 466 494 531 bis
524 467 561 530 de
592 467 736 548 dutum]
772 466 822 530 vel
854 465 901 531 bis
931 466 1057 546 de[m:o]
1093 464 1145 528 vel
1176 464 1224 530 bis
1253 467 1430 549 dalaoepel.

283 573 427 649 Quorum
449 573 506 637 illa
529 594 612 657 quae
635 572 742 637 media
763 571 859 656 posui
881 594 951 637 esse
969 571 1152 650 ταύτολόγα
1171 575 1323 656 apparet:
1347 573 1430 657 quod

283 685 392 744 autem
415 680 520 764 primo
543 681 625 764 loco,
648 701 686 744 eo
709 679 861 764 displicet
884 679 969 764 quod
994 680 1148 764 profecto,
1171 684 1208 744 ut
1232 680 1430 766 singularem

282 787 422 870 gratiam
446 786 545 852 fuisse
564 785 714 851 Eunuchi
738 787 941 871 probaretur,
963 808 1030 851 non
1054 808 1134 869 opus
1159 789 1230 852 erat
1247 787 1364 852 eodem
1382 787 1432 853 die

282 893 400 957 iterata
423 893 548 976 fabula,
579 893 635 958 sed
659 893 739 958 satis
763 897 834 957 erat
856 915 914 977 per
936 892 1110 957 eorundem
1134 892 1283 958 ludorum
1308 914 1432 959 corum·

283 1020 344 1082 que
368 1019 469 1062 novas
494 998 621 1062 fabulas
645 998 848 1081 poscentium
868 998 1069 1063 occasionem
1089 998 1195 1063 denuo
1214 998 1431 1086 efflagitatam

281 1105 449 1189 prodiisse.
495 1103 566 1168 Hae
597 1105 698 1188 igitur
727 1126 779 1168 me
808 1126 943 1170 caussae
971 1111 1143 1171 moverunt
1173 1112 1211 1171 ut
1232 1106 1432 1190 praeferrem

283 1211 367 1295 quod
391 1211 529 1275 maxime
553 1212 688 1294 simplex
712 1212 827 1295 visum,
849 1213 896 1278 bia
915 1213 1055 1295 ddnceps
1071 1212 1103 1277 h.
1121 1235 1147 1277 e.
1168 1213 1329 1278 ‘aweimal
1347 1214 1431 1279 nach

282 1317 457 1383 einander'.

370 1424 476 1490 Versu
498 1425 516 1489 3
540 1425 601 1489 etsi
623 1426 659 1490 id
679 1429 725 1490 est
744 1425 881 1492 voculae
904 1448 945 1490 ne
969 1449 988 1490 a
1011 1426 1119 1490 codice
1142 1427 1176 1492 A
1198 1427 1347 1512 quidem,
1376 1426 1433 1493 sed

283 1533 324 1597 ab
350 1554 413 1597 uno
437 1533 471 1597 B
494 1532 626 1611 absunt,
654 1536 765 1598 tamen
788 1555 808 1597 a
831 1531 986 1599 Suetonio
1010 1535 1148 1617 scriptas
1172 1554 1244 1599 esse
1267 1557 1343 1600 cum
1367 1532 1432 1599 Do

282 1639 353 1703 nati
382 1640 559 1703 auctoritas
587 1642 657 1703 tum
681 1638 832 1723 loquendi
856 1644 888 1704 et
911 1640 995 1705 ratio
1019 1644 1052 1704 et
1074 1640 1277 1706 cousuetudo
1300 1645 1434 1727 negant

283 1744 374 1811 Nihil
398 1746 485 1809 enim
507 1745 665 1810 eiusmodi
688 1745 722 1809 iu
736 1744 860 1810 Donati
883 1746 936 1810 his
960 1746 1080 1812 verbis:
1098 1768 1217 1830 proque
1235 1768 1273 1813 eo
1286 1749 1445 1831 prabum,

282 1855 364 1935 qaod
391 1854 473 1918 nulli
499 1857 570 1917 onte
600 1854 701 1935 spemn
726 1852 852 1933 sabrtlue
878 1854 1017 1936 wateplt,
1049 1858 1113 1930 octo
1140 1856 1233 1920 msls'o
1258 1856 1443 1921 maan

282 1965 482 2025 numerarent
500 1964 624 2042 poetae·
656 1959 711 2024 ubi
739 1980 908 2043 perperam
936 1965 970 2024 et
995 1959 1136 2039 subulam
1159 1965 1193 2027 et
1214 1961 1345 2028 mllsbus
1368 1960 1441 2027 rul-

283 2071 388 2151 gatur.
429 2065 527 2132 Ratio
551 2070 660 2131 autem
684 2069 719 2130 et
741 2087 818 2130 usus
842 2065 902 2130 etsi
924 2066 960 2130 id
980 2070 1025 2131 est
1046 2067 1097 2131 vcl
1116 2066 1172 2132 hoc
1188 2073 1234 2134 est
1250 2068 1439 2153 particulas

282 2195 341 2238 nec
364 2194 439 2237 raro
462 2194 522 2237 nec
541 2194 605 2238 uno
624 2172 719 2237 modo
739 2172 884 2237 admisit:
908 2194 990 2257 quae
1008 2193 1128 2259 genera
1145 2174 1328 2241 identidem
1343 2173 1431 2241 Mad·

283 2281 388 2364 vigius
413 2279 587 2364 explicavit
609 2280 644 2343 in
667 2276 733 2344 cia
756 2278 796 2343 de
818 2279 872 2343 fin.
895 2301 926 2363 p.
949 2279 1094 2345 72139.
1120 2282 1191 2346 144.
1216 2280 1299 2347 264:
1322 2287 1430 2347 tamen

284 2386 324 2450 ab
349 2386 409 2468 eis,
438 2407 520 2469 quae
543 2384 682 2468 simplici
706 2385 921 2469 appositionis
945 2386 1179 2470 grammaticae
1201 2387 1333 2453 vinculo
1358 2410 1428 2454 con·

283 2493 441 2575 tineutur,
474 2491 659 2577 segregavit
686 2491 959 2558 constantissime.
1005 2490 1091 2567 Quas
1119 2493 1239 2578 ubique
1268 2495 1318 2559 ita
1342 2515 1428 2560 usur·

282 2604 376 2682 putas
399 2600 540 2682 reperies
558 2605 605 2683 ut,
629 2622 726 2684 quam
745 2598 822 2684 quid
843 2600 906 2664 vim
924 2599 1054 2683 habeat,
1077 2621 1175 2684 quam
1195 2601 1244 2666 vel
1262 2602 1428 2667 notionem

282 2706 332 2770 vel
362 2706 558 2771 sententiam
587 2710 716 2790 aequet,
743 2705 937 2771 declaretur:
970 2728 1034 2790 quo
1063 2707 1101 2770 fit
1128 2710 1166 2770 ut
1192 2727 1266 2771 cum
1291 2708 1429 2794 singolis

229 2844 268 2883 co:
282 2812 469 2877 nominibus
493 2817 526 2877 et
548 2812 715 2877 vocabulis
738 2816 808 2876 tum
831 2812 912 2896 ipsis
935 2833 1043 2876 rerum
1065 2812 1311 2878 condicionibus
1330 2814 1430 2898 expli·

283 2918 393 2982 caudis
424 2918 646 2983 adhibeantur.
691 2918 804 3001 Velut,
834 2919 868 2982 iu
897 2919 968 3002 ipso
999 2905 1155 2983 Suetonio
1183 2923 1221 2984 ut
1248 2941 1300 2984 me
1329 2921 1430 2987 couti·

282 3045 386 3106 neam,
409 3024 443 3088 in
466 3024 535 3088 vita
553 3023 583 3087 d.
596 3023 656 3089 Iul.
670 3045 696 3088 c.
711 3025 753 3089 56
773 3024 842 3107 ‘per
859 3030 950 3090 notua
968 3024 1109 3107 scripsit,
1126 3025 1162 3089 id
1173 3029 1218 3089 est
1234 3026 1282 3090 sic
1301 3031 1431 3093 structo

283 3130 464 3194 litterarum
488 3130 600 3195 ordine
623 3134 661 3194 ut
679 3130 805 3194 nullum
823 3132 959 3197 uerbum
978 3131 1061 3196 effici
1080 3129 1202 3214 posset'
1208 3156 1216 3215 3
1239 3131 1326 3218 Aug.
1346 3155 1374 3199 c.
1388 3134 1431 3200 88

283 3235 557 3320 ‘ortltoprupblam,
593 3237 629 3301 id
663 3241 706 3301 est
741 3236 915 3301 formulam
952 3236 1174 3322 rationemque
1210 3239 1377 3304 scribendi
1410 3262 1432 3306 s

282 3344 503 3430 grammaticis
527 3342 738 3427 institutam’3
761 3343 854 3409 Galb.
873 3365 899 3409 c.
918 3343 938 3408 3
963 3342 1059 3427 ‘quod
1083 3344 1117 3407 iu
1137 3343 1293 3410 diuturna
1310 3346 1432 3413 ualitu-

283 3451 356 3516 dine
382 3451 501 3535 9ulbeo,
528 3453 564 3517 id
591 3456 635 3518 cst
656 3452 808 3517 remediis
832 3451 908 3516 lana
931 3451 1087 3515 inuolutis
1111 3451 1238 3516 assidue
1261 3451 1433 3520 uteretur'.

282 3557 407 3623 Rursus
427 3557 551 3623 Galbae
574 3580 600 3624 c.
619 3560 639 3624 8
664 3558 733 3623 ‘nec
756 3558 928 3623 defuerunt
947 3557 1001 3642 qui
1020 3557 1312 3641 interpretarentur
1330 3559 1433 3645 signi·

283 3664 372 3729 ficari
400 3684 508 3727 rerum
536 3665 749 3730 mutationem
779 3685 1064 3748 successurumque
1092 3663 1203 3728 iuueni
1225 3686 1351 3750 senem,
1375 3664 1434 3733 boc

282 3775 326 3835 cst
347 3770 455 3854 ipsum
473 3769 622 3856 Neroni'3
645 3771 767 3836 Tiberii
791 3793 817 3836 c.
836 3773 879 3836 24
903 3770 1056 3836 ‘statione
1079 3769 1231 3854 militum,
1252 3770 1308 3837 boc
1329 3776 1375 3839 a:
1395 3771 1432 3838 ui

283 3881 317 3940 et
349 3876 456 3959 specie
484 3876 715 3943 dominationis
743 3875 931 3961 assumpta'.
976 3876 1028 3941 Ad
1055 3875 1171 3941 horum
1199 3876 1313 3962 igitur,
1347 3899 1434 3964 quae

283 3982 399 4047 ultima
425 3984 531 4068 posui,
559 3984 804 4050 similitudinem
832 3989 868 4049 ut
896 3983 1018 4069 largiar
1044 3982 1190 4067 potuisse
1218 3983 1360 4049 fortasse
1383 3984 1434 4050 sic

284 4090 395 4154 scribi:
419 4089 609 4177 ‘menritque
633 4098 707 4158 octo
731 4092 822 4158 milia
845 4112 1021 4174 nummum,
1044 4091 1079 4154 ld
1099 4095 1144 4156 ast
1164 4090 1305 4175 pretium
1330 4110 1435 4175 quan·

282 4200 353 4261 tum
375 4198 466 4262 nulla
488 4203 585 4263 antea
608 4198 798 4282 cuiusquam
822 4195 1009 4280 comoedia',
1032 4202 1140 4261 tamen
1165 4197 1276 4261 eadem
1299 4195 1436 4264 inverso

283 4304 396 4370 ordine
420 4304 483 4370 dici
506 4305 612 4370 fuerat
635 4304 887 4390 putidissimum.
926 4301 1000 4369 Non
1024 4308 1074 4368 est
1096 4302 1199 4388 igitur
1216 4302 1435 4369 dubitandum

284 4412 360 4497 quin
385 4412 446 4478 hoc
470 4413 650 4496 exemplum
675 4413 741 4477 illis
765 4410 905 4495 accedat,
928 4411 1044 4495 quibus
1069 4414 1126 4474 sut
1147 4409 1236 4475 solae
1258 4410 1296 4474 id
1315 4414 1363 4474 est
1379 4432 1436 4475 vo·
