2932 5026
137 343 201 408 308
409 357 651 418 oveasrroxns
676 354 1012 405 ouorrxronooroxa.

182 504 268 568 nida.
301 499 447 566 Conferri
466 506 577 566 tamen
600 498 719 565 Gallius
741 503 861 584 potest,
885 498 923 562 de
943 520 1007 582 quo
1026 518 1055 562 v.
1065 495 1153 561 infra
1167 518 1196 578 p.

184 609 223 675 ln
246 607 416 673 Asinariae
440 630 534 672 versu
553 608 680 692 positus
701 607 904 671 accusativus
927 605 1062 670 Dircam
1080 604 1121 668 de
1143 625 1203 667 non

185 718 254 782 tivo
278 716 359 780 nihil
384 716 485 781 docet.

140 824 327 904 tAexiuiv
350 822 483 888 Decio:
515 823 597 886 servi
620 843 738 886 nomen
761 822 863 886 fertur
886 817 1173 884 Menaechmorum
1196 815 1203 832 ¹

182 931 225 995 36
254 928 358 1016 (731).
403 929 437 1007 Ι,
465 928 574 1013 Decio,
602 949 713 1010 quade
740 928 841 992 media
862 931 987 1009 putrem
1014 948 1041 989 c.
1071 947 1100 1009 q.
1126 947 1151 994 s,
1198 933 1203 979 1

183 1059 255 1102 cum
278 1040 347 1101 tam
370 1057 520 1122 graecam
544 1035 795 1120 originationem
819 1057 917 1118 quam
940 1033 1077 1097 latinam
1097 1053 1203 1116 respui

182 1166 223 1209 ne
247 1143 412 1228 proditum
435 1141 564 1226 quidem
588 1141 688 1206 sitin
713 1141 814 1224 libris,
838 1140 876 1204 de
895 1139 1011 1205 mendo
1030 1139 1203 1222 scriptura

183 1250 281 1315 bitari
304 1250 424 1334 nequit.
471 1247 635 1333 Scriptum
659 1252 709 1313 est
732 1251 841 1312 autem
864 1248 898 1311 in
921 1246 1080 1312 Palatinis
1106 1250 1203 1330 atque

182 1358 290 1423 ticano
313 1359 359 1423 Ei
381 1358 464 1423 deceo
485 1376 580 1438 quare
597 1355 737 1439 (quaere)
756 1355 775 1419 i.
795 1377 821 1420 e.
840 1350 1203 1428 EIDEOEOQVAERJ

148 1537 150 1540 ,
183 1465 300 1551 quibus
324 1464 445 1529 litteris
467 1464 563 1547 latet,
584 1463 649 1527 nisi
671 1462 768 1527 fallor
791 1461 902 1545 animi,
923 1457 1199 1535 EPIDIOEQVA

182 1571 202 1634 i.
221 1593 247 1634 e.
266 1571 436 1653 Epidico,
459 1589 576 1650 quaere.
594 1604 631 1613 —-
654 1566 743 1632 Haec
763 1568 965 1651 scripseram,
984 1589 1057 1632 cum
1075 1589 1171 1632 suam
1190 1590 1203 1652 ς

182 1677 257 1741 dam
285 1678 504 1742 coniecturam
526 1675 754 1739 Fleckeisenus
783 1696 909 1739 mecum
932 1673 1198 1756 communicavit,

184 1784 280 1849 Deceo
303 1785 431 1849 litteras
455 1784 494 1848 ad
513 1783 611 1848 Decso
634 1783 655 1847 i.
679 1805 705 1848 e.
723 1782 826 1848 Dexo
849 1804 968 1847 nomen
985 1786 1128 1865 revocat,
1151 1781 1203 1846 Pu

184 1897 221 1956 ut
250 1894 279 1957 ci
308 1891 354 1977 (h.
383 1915 409 1956 e.
435 1889 462 1977 c')
486 1890 590 1970 Dedo,
618 1911 730 1972 quaere
757 1890 935 1974 scripserit:
967 1911 1027 1954 nec
1051 1889 1139 1953 enim
1164 1891 1203 1953 Δν

182 2002 309 2062 tantum
342 2000 376 2061 et
408 1998 517 2081 Δεξώ,
550 1997 605 2062 sed
639 1998 737 2062 etiam
768 1999 901 2063 Δέξων
933 2000 1061 2062 exstare
1095 1997 1128 2060 in
1164 2015 1203 2080 gr

181 2103 286 2167 titulis
320 2127 339 2167 a
367 2102 470 2188 Papio
499 2104 775 2188 commemoratis,
810 2126 942 2188 prorsus
972 2104 1011 2168 ad
1040 2102 1203 2168 similitud

181 2208 313 2273 illorum
344 2232 426 2293 quae
456 2216 533 2276 sunt
556 2209 684 2292 Κλήςων
714 2209 840 2292 Κτηςων
863 2213 974 2277 Λύςων
998 2208 1138 2290 Μνηςων
1162 2211 1203 2275 Πι

182 2317 331 2381 (πεύςων
356 2338 428 2382 cum
452 2320 577 2384 ceteris.
614 2317 794 2384 Fatendum
813 2325 863 2384 est
882 2319 1015 2402 propius
1036 2317 1069 2381 id
1090 2341 1110 2381 a
1128 2316 1203 2393 liba

184 2424 341 2488 memoria
359 2426 472 2491 abesse
491 2449 589 2511 quam
609 2427 694 2511 quod
713 2447 774 2512 ego
794 2425 960 2511 proposui:
985 2446 1186 2510 quamquam

183 2550 248 2593 non
272 2529 412 2596 diffiteor
435 2532 547 2616 paullo
572 2534 679 2598 minus
703 2532 902 2598 reconditam
926 2532 1008 2597 servi
1032 2530 1203 2615 appellati(

184 2637 289 2721 magis
313 2639 507 2721 placituram
531 2661 610 2704 esse.

137 2742 155 2779 *
170 2744 346 2823 Δέλφιον
365 2743 571 2829 Delphium
588 2744 792 2831 (Danr’rvu):
812 2746 962 2810 meretrix
979 2744 1203 2810 Mostellariae

182 2850 318 2934 Δελφίς,
341 2853 493 2916 meretrix
516 2853 657 2918 Luciani.
705 2853 816 2933 [Errat
839 2852 1014 2917 Lorenzius
1038 2875 1067 2936 p.
1092 2852 1135 2932 9.]

138 2956 380 3035 Δημαίνετος
404 2957 674 3024 Demaenetus:
700 2982 797 3024 senex
820 2958 1001 3024 Asinariae.

136 3057 342 3141 Δημαρχος
366 3062 854 3151 Demarchus(Darrxncvs):
870 3090 974 3149 senex,
985 3065 1119 3130 Poenuli
1130 3064 1203 3148 V,2

138 3168 295 3245 Δημέα(
319 3168 471 3234 Demea:
496 3193 591 3238 senex
616 3173 802 3258 Adelphon3
831 3212 873 3220 —
898 3175 975 3238 item
999 3172 1085 3256 apud
1109 3170 1203 3236 Caeci

184 3296 211 3336 v.
235 3274 311 3358 216,
334 3275 506 3342 Afranium
529 3302 558 3344 ν.
582 3281 657 3364 413,
681 3280 890 3363 Anonymum
909 3303 940 3364 p.
959 3280 1000 3343 99
1020 3278 1125 3360 Ritu,
1150 3277 1203 3341 iter

182 3381 309 3445 videtur
332 3382 417 3467 apud
436 3383 596 3451 Naevium
616 3411 644 3452 ν.
664 3388 683 3452 6
703 3409 733 3471 p.
752 3389 781 3452 6.
819 3386 882 3468 [Of.
901 3387 1017 3471 Opusc.
1036 3384 1067 3449 11
1092 3407 1123 3467 p.
1146 3384 1203 3448 34:

137 3487 355 3567 Δημήτριος
379 3491 615 3559 Demetrius:
639 3517 750 3559 servus
770 3492 820 3578 (ut
838 3492 988 3576 videtur),
1011 3491 1203 3556 Bacchidun

182 3596 211 3677 8,
236 3596 275 3659 71
302 3595 410 3682 (912),
441 3621 636 3684 quamquam
666 3580 712 3664 ibi
744 3600 782 3664 de
810 3604 902 3683 patre
931 3600 1040 3684 potius
1063 3597 1123 3663 Ed.
1147 3597 1203 3662 Me,

182 3701 306 3784 cogitat
344 3706 600 3769 commentarioli
638 3707 697 3770 sub
730 3707 881 3786 Λιπὰρων
918 3706 1163 3772 commemorati
1195 3728 1203 3789 1

185 3806 315 3888 [Opusc.
330 3809 418 3874 acad.
434 3810 465 3873 11
486 3834 515 3895 p.
531 3812 620 3892 3361.
636 3850 677 3862 -—
692 3811 816 3878 Fabula
831 3836 902 3879 cum
918 3812 1034 3877 Naevii
1053 3816 1122 3875 tum
1139 3812 1203 3876 Tur

183 3910 345 3996 Frequens
375 3917 441 3980 sive
471 3940 636 3983 servorum
664 3919 732 3984 sive
760 3921 950 3985 libertorum
979 3941 1095 3985 nomen
1125 3919 1203 3984 etim

182 4017 447 4102 inscriptionibus
470 4024 591 4089 latinis.

138 4124 386 4206 Δημοςθένης
415 4128 698 4196 Demosthenes
723 4131 1004 4220 (Dauusunxns):
1038 4132 1163 4198 amicus
1193 4155 1203 4197 ε

183 4231 353 4296 Asinariae
377 4232 417 4317 V,
441 4237 470 4319 2,
498 4239 538 4301 16
564 4235 667 4326 (866).
708 4238 817 4304 Etiam
841 4241 873 4304 in
898 4240 1004 4304 titulis
1028 4240 1140 4305 latinis
1165 4240 1203 4306 ali

182 4338 277 4422 tiens,
301 4340 382 4403 utI.
407 4341 444 4405 R.
467 4341 508 4409 N.
535 4345 607 4411 147.
630 4346 705 4411 814,

138 4445 335 4525 Δημοφῶν
358 4446 518 4535 Demipl¹
822 4471 869 4519 *ax
891 4451 1064 4538 Cistellam,
1081 4451 1203 4519 Mercai
