2956 5018
189 324 254 389 382
606 333 653 386 nn
677 340 711 386 u.
735 339 910 388 vanaoxrs

187 483 278 548 rimis
302 482 482 547 rhetoricae
506 482 692 547 auctoribus
716 487 949 567 excerptorum,
973 485 1091 568 quibus
1114 508 1176 552 ss.
1190 489 1338 554 testimo·

187 590 242 655 nia
265 590 400 654 Rufinus
424 589 530 654 media
552 589 757 674 interposuit.
794 586 917 655 Contra
936 589 977 653 ad
995 594 1167 673 poetarum
1186 615 1340 663 numeros

187 701 315 779 spectat
337 717 420 781 quae
440 694 596 762 Varronis
620 697 654 761 in
675 696 817 762 eiusdem
836 696 946 760 Rufini
966 696 1070 763 altero
1089 703 1340 789 commentario.

186 803 242 886 qui
276 807 326 867 est
357 803 397 867 de
431 803 544 868 metris
573 804 718 888 comicis,
751 803 874 868 mentio
902 803 940 867 fit
966 827 996 888 p.
1020 805 1108 871 2713
1132 806 1168 871 Ρ.
1196 808 1261 874 387
1284 806 1319 873 G.

185 929 363 974 mensuram
389 930 450 975 esse
477 911 513 974 ia
533 910 652 991 [merlis
675 960 807 975 .....
830 911 937 975 darent
957 910 1010 975 la':
1042 912 1162 998 Cicero,
1190 914 1340 985 Saum

185 1016 379 1095 Firmiamas,
408 1017 507 1082 Varro
531 1039 556 1082 e.
576 1039 605 1101 q.
627 1040 664 1084 s.:
687 1017 721 1081 in
745 1040 828 1102 quae
850 1017 950 1082 verba
973 1018 1045 1083 vide
1068 1042 1149 1104 quae
1174 1042 1340 1092 00me

186 1125 246 1188 tati
270 1145 380 1188 sumus
404 1122 570 1209 Parergon
593 1125 699 1189 Plaut.
722 1124 737 1188 l
761 1147 792 1208 p.
811 1124 876 1190 358
892 1148 960 1210 sqq.

710 1307 730 1384 ξ
757 1305 805 1369 16.

276 1427 377 1493 Plene
408 1432 517 1494 autem
548 1433 581 1493 et
610 1432 756 1493 accurate
787 1430 815 1493 si
839 1429 967 1514 quaeris
991 1430 1048 1495 ubi
1071 1428 1178 1497 Varro
1202 1437 1340 1516 poeta·

186 1556 265 1599 rum
294 1541 419 1601 metra
441 1536 652 1618 explicaverit
674 1536 846 1621 deditaque
872 1559 974 1621 opera
997 1539 1213 1604 enarraverit:
1235 1560 1292 1605 neo
1322 1564 1340 1604 e

186 1644 383 1727 geometrica
412 1664 471 1708 nec
501 1665 518 1707 e
550 1645 673 1709 musica
700 1667 759 1710 nec
783 1667 800 1709 e
824 1645 988 1710 rhetorica
1009 1644 1071 1710 has
1096 1644 1332 1730 disputationes

184 1751 305 1834 nexuit,
335 1751 391 1816 sed
421 1752 621 1817 metricam
653 1775 724 1818 esse
752 1758 900 1837 partem
929 1753 1207 1838 grammaticae
1235 1753 1321 1819 dicei

184 1858 292 1943 plinae
320 1852 517 1924 voluit'aum
540 1860 702 1945 plerisque
725 1861 780 1944 qui
803 1865 879 1944 post
901 1881 974 1925 eum
997 1859 1032 1923 in
1053 1860 1168 1925 eodem
1185 1865 1261 1926 sunt
1276 1880 1319 1946 ge

184 1986 260 2031 nere
283 1965 453 2051 versatio:
486 1989 503 2031 c
538 1989 676 2051 quorum
708 1971 820 2032 tamen
848 1989 983 2032 numero
1013 1970 1047 2030 ct
1067 1966 1318 2052 Augustinuaet

144 2095 170 2133 a
184 2071 368 2137 Marcianus
388 2073 561 2139 eximendi:
585 2096 661 2139 nam
680 2073 719 2138 de
734 2072 929 2139 Cassiodoro
949 2072 1152 2156 incomperta
1169 2095 1230 2157 res,
1246 2072 1316 2157 quot

184 2178 253 2243 eius
286 2179 325 2243 de
357 2181 573 2265 grammatica
603 2183 702 2264 caput
729 2179 882 2245 mutilum
912 2179 947 2243 in
976 2180 1048 2244 fine.
1095 2177 1159 2245 Sed
1187 2178 1316 2244 Isidorus

184 2306 261 2348 sane
293 2287 330 2350 de
360 2287 466 2351 metris
492 2286 657 2372 integrum
686 2288 783 2368 caput
804 2284 836 2367 I,
859 2285 917 2367 38,
941 2306 1138 2370 quamquam
1161 2306 1273 2369 parum
1290 2284 1317 2351 il

183 2391 394 2478 fructuosum,
417 2392 660 2458 commentariis
684 2391 722 2455 de
742 2391 958 2475 grammatica
976 2392 1044 2457 auis
1063 2392 1211 2457 inseruit
1246 2391 1320 2457 Illud

184 2503 292 2564 autem
307 2499 413 2566 Varro
436 2522 496 2565 nec
518 2500 552 2565 in
566 2499 821 2584 Disciplinarum
844 2497 937 2563 libris
956 2498 1122 2581 praestitit
1140 2521 1209 2585 nec,
1231 2520 1320 2585 quar·

184 2612 254 2671 tum
277 2608 417 2672 iudicare
442 2631 459 2671 e
482 2606 770 2693 grammaticorum
795 2604 925 2668 silentio
947 2603 1035 2687 licet,
1058 2605 1094 2669 ia
1113 2606 1203 2672 talaris
1219 2608 1256 2673 de
1272 2607 1322 2671 lire

180 2736 245 2797 pao
276 2717 376 2780 latina
407 2715 446 2778 ad
471 2713 673 2796 Ciceronem,
703 2733 816 2776 verum
847 2712 881 2775 in
905 2711 950 2774 eis
975 2733 1056 2795 quos
1079 2714 1124 2777 ad
1144 2713 1323 2779 Marcellam

184 2823 322 2907 scripsit.
366 2821 559 2886 Plenissime
589 2821 676 2885 enim
702 2819 766 2884 hoc
790 2842 807 2882 e
830 2818 939 2882 Rufini
964 2819 1073 2902 priore
1098 2819 1324 2885 commentario

182 2929 406 3014 cognoscitur,
438 2952 500 3014 quo
534 2928 700 2993 doctrinae
731 2925 954 2991 Varronianae
989 2926 1159 3010 praeclara
1189 2926 1326 2991 frustula

181 3037 261 3100 haec
285 3036 435 3099 servavit.
472 3035 507 3098 P.
531 3035 595 3098 379
615 3056 661 3116 sq.
685 3037 705 3113 ξ
725 3034 792 3097 ot
818 3031 931 3096 Galat:
962 3032 1060 3097 Varro
1084 3035 1119 3097 ire
1139 3033 1224 3098 VII:
1246 3034 1325 3099 aaa·

181 3143 267 3207 salas
289 3161 405 3223 qaoque
422 3142 562 3223 mimam
585 3139 756 3220 appellatas
779 3141 893 3221 dream,
915 3139 997 3218 qaod
1018 3138 1195 3204 clauderent
1215 3146 1326 3206 malea

253 3299 279 3369 *l
298 3299 370 3354 Nolo
390 3297 518 3368 exempla
536 3314 686 3367 congerere
705 3296 734 3350 in
753 3314 782 3350 re
798 3295 937 3350 confessa:
956 3295 1094 3350 concinna
1108 3300 1203 3351 summ
1218 3301 1327 3368 praeter

182 3389 304 3459 reliquos
322 3388 461 3444 brevitate
481 3387 587 3442 Seneca
605 3387 685 3456 epist.
705 3391 739 3441 88
759 3385 835 3439 init:
858 3387 1053 3455 praarrrraticus
1072 3386 1147 3440 circa
1164 3402 1261 3441 euram
1276 3402 1326 3442 eer-

180 3482 269 3534 monis
287 3485 420 3543 versatur,
439 3483 464 3531 ct
481 3479 506 3530 ei
525 3478 610 3531 latius
627 3477 739 3544 eoaparr'
756 3476 823 3539 crull,
843 3476 918 3529 circa
935 3475 1082 3539 historias,-
1104 3475 1161 3529 iam
1179 3481 1213 3529 ut
1232 3476 1326 3545 loupr'c

180 3570 246 3623 sime
268 3570 335 3636 fiaes
358 3583 421 3621 suos
442 3567 580 3634 proferat,
609 3567 683 3619 circa
707 3565 840 3618 carratae.
879 3562 956 3627 Quae
975 3579 1039 3616 mox
1058 3561 1098 3616 sic
1116 3562 1326 3634 interpretatur:

181 3658 350 3728 syllabarum
374 3655 515 3709 enarratio
533 3659 558 3707 et
576 3655 717 3708 certorum
735 3654 894 3720 diliaeatia,
918 3658 942 3706 et
960 3653 1122 3720 fabularum
1140 3656 1282 3719 raemoria,
1303 3658 1327 3707 et

181 3761 307 3798 casuum
321 3745 364 3797 lex
378 3748 403 3797 et
416 3742 589 3809 modificatio.
614 3742 672 3796 Nec
687 3742 763 3796 aliud
780 3740 968 3806 Quintilianus
983 3743 1101 3810 spectat
1120 3746 1190 3797 recte
1203 3742 1328 3813 loquendi

179 3834 308 3886 solertiae
333 3837 358 3885 et
377 3838 523 3902 poetaram
545 3833 720 3887 enarrationi
741 3834 859 3885 rra-asiccrr
884 3831 1002 3900 iungens
1022 3831 1032 3882 l
1062 3848 1085 3886 c.
1105 3837 1135 3899 4,
1158 3833 1231 3886 citra
1248 3848 1327 3901 qaam

180 3938 236 3976 eron
256 3937 336 3990 posce
357 3922 505 3990 perfectam
531 3939 584 3976 ecee
605 3924 813 3992 pramrnatr'cen,
841 3938 902 3974 cam
929 3923 954 3974 ei
975 3921 1009 3974 de
1031 3923 1124 3975 oretria
1146 3922 1329 3991 rhythmisque

180 4012 325 4067 rlicerrdam
343 4013 387 4068 sit.
425 4009 532 4075 Quibus
550 4010 680 4066 addenda
698 4012 762 4063 aunt
780 4026 851 4078 quae
871 4009 905 4063 de
924 4009 1111 4079 grammatica
1129 4009 1254 4065 musicae
1272 4010 1328 4065 sire

180 4100 341 4154 consociata
366 4100 424 4154 sive
451 4099 578 4154 subiecta
603 4099 780 4169 persequitur
799 4100 823 4166 I,
845 4105 889 4166 10,
912 4104 942 4152 17
959 4116 999 4166 eq.
1043 4097 1147 4152 Contra
1170 4098 1328 4155 Marcianus

180 4205 265 4258 quam
288 4188 409 4243 voluerit
426 4205 444 4242 a
462 4190 647 4260 grammatica
665 4188 833 4258 diremptam
853 4205 913 4241 csse
932 4187 1091 4255 metricam,
1115 4187 1158 4241 his
1178 4187 1271 4243 verbis
1289 4192 1328 4243 te

180 4281 301 4332 stantem
319 4278 388 4332 lacit
406 4278 560 4333 Minervam
578 4279 615 4332 lll
645 4296 671 4346 p.
691 4285 738 4332 93:
765 4295 830 4331 nara
847 4278 873 4329 ei
890 4277 1072 4345 rhythmicum
1091 4276 1159 4344 qaid
1177 4278 1329 4331 metricas:-

179 4383 231 4436 qae
250 4408 255 4420 .
276 4409 282 4421 .
303 4409 308 4421 .
328 4370 514 4438 aserempscris,
529 4369 652 4437 prosecta
672 4368 794 4422 Murices
811 4369 923 4435 trapeta,
940 4367 1021 4420 arias
1030 4367 1186 4434 praecaria
1199 4367 1333 4435 officim,

179 4457 355 4527 demseris
373 4457 594 4527 (Grammatica).
