2932 5026
205 320 269 383 348
477 337 716 397 ovausrrosus
742 337 1077 385 ononnroaoorcau.

205 501 343 562 aequora
368 478 515 564 Mylac’),
541 481 580 543 ad
604 481 696 544 illam
721 485 828 544 autem
853 481 1037 565 analogiam
1061 481 1242 543 formatum
1266 501 1321 563 apr

205 585 352 650 Servium
372 586 517 649 Danielis
543 587 576 650 iu
595 587 675 650 Aen.
695 587 784 671 VIII,
804 589 883 651 682:
908 587 998 651 ‘na-m
1024 585 1206 671 (Agrippa)
1230 591 1262 650 et
1283 585 1321 650 Se

204 690 393 776 Pompeium
417 693 502 776 apud
525 694 670 758 Moelas
695 695 764 778 ipsc
788 694 931 759 devicit'.

295 819 322 884 7.
360 818 595 902 Recuperatam
630 826 662 883 et
694 821 907 885 ratiocinandi
939 820 1174 903 probabilitate
1207 818 1286 882 satis
1315 840 1321 879 ι

205 926 320 1007 opinor
343 926 505 989 firmatam
526 927 827 993 Antamoenides
852 927 990 991 formam
1009 949 1076 991 non
1096 930 1275 991 esttamen
1294 946 1321 988 cr

205 1031 358 1094 continuo
388 1032 428 1095 ab
458 1033 529 1115 ipsa
552 1032 658 1097 Plauti
688 1056 784 1119 manu
812 1039 1006 1116 repetamus
1051 1033 1139 1098 Nam
1170 1032 1256 1096 lumc
1285 1052 1321 1095 no

205 1139 334 1201 brevem
358 1142 486 1204 tantum
510 1162 528 1203 υ
555 1140 697 1204 vocalem
723 1146 758 1203 ut
782 1141 814 1203 in
838 1139 938 1204 Surus
960 1141 1108 1221 srirredolo,
1132 1139 1188 1203 sed
1213 1139 1247 1202 in
1269 1158 1321 1202 stro

200 1245 323 1326 pirardo
347 1246 496 1310 Luse'teles
524 1252 556 1308 et
584 1246 742 1328 parilibus
766 1248 864 1310 etiam
888 1248 1020 1331 longam
1044 1252 1232 1311 constanter
1254 1267 1275 1309 a
1296 1246 1321 1312 Ii

132 1370 192 1409 v111
207 1356 276 1414 tera
299 1353 451 1416 extulisse
476 1375 548 1416 cum
572 1353 728 1417 librorum
752 1353 909 1418 memoria
933 1354 1044 1416 suadet
1068 1359 1104 1415 ut
1128 1352 1306 1434 credamus,

206 1459 322 1542 quibus
350 1480 390 1523 ne
418 1459 643 1523 tenuissimum
673 1459 800 1543 quidem
824 1459 995 1543 vestigium
1020 1459 1155 1522 memini
1179 1459 1262 1542 quod
1283 1481 1321 1522 n-

206 1571 262 1628 aut
292 1565 331 1628 ad
358 1588 376 1627 n
400 1570 457 1628 aut
480 1565 563 1646 adp
587 1565 637 1628 vel
663 1568 673 1629 ι’
697 1566 892 1648 scripturam
916 1569 1047 1647 spectet,
1072 1570 1140 1628 tum
1164 1565 1202 1628 de
1226 1565 1321 1650 aliqu

207 1671 383 1753 vocabulis,
406 1673 439 1735 in
463 1670 514 1733 his
538 1672 577 1734 de
600 1672 711 1736 Musio
734 1672 880 1737 Donatus
905 1672 938 1735 in
962 1670 1109 1754 Hecyrae
1133 1672 1158 1755 l,
1182 1674 1211 1755 2,
1235 1675 1263 1755 8,
1285 1674 1321 1760 i]

206 1782 329 1841 actores
354 1780 558 1863 grammatici
584 1782 758 1864 testantur,
786 1785 856 1842 tum
880 1778 1014 1843 fortiore
1039 1778 1136 1842 etiam
1161 1800 1321 1864 argumel

206 1907 244 1948 ea
267 1886 503 1963 uaoovopaciac
527 1886 675 1969 exempla
698 1885 892 1968 persuadent
916 1907 998 1969 quae
1022 1885 1098 1949 alibi
1123 1885 1321 1970 insignivim

207 1992 239 2055 iu
263 1991 460 2056 Bacchidum
484 2014 511 2056 v.
540 1993 610 2055 129.
634 1992 713 2056 362:

339 2131 414 2196 Non
439 2133 543 2197 omnis
568 2139 667 2216 actae,
690 2133 788 2217 Lude,
809 2133 885 2197 ludo
909 2133 1068 2198 conuenit.

339 2239 513 2323 Facietque
537 2242 699 2324 extemplo
724 2239 925 2305 Crucisalum
949 2262 1000 2304 me
1024 2263 1061 2303 ex
1086 2239 1233 2306 Crusala

206 2398 273 2464 Nec
298 2399 508 2484 epigraphica
533 2405 742 2465 monumenta
761 2401 880 2464 saeculi
899 2400 940 2464 ab
960 2423 989 2463 u.
1008 2423 1033 2464 c.
1053 2400 1184 2483 septimi
1204 2399 1302 2463 aliam

206 2513 331 2591 partem
365 2507 422 2572 ulli
456 2506 575 2571 indicio
609 2512 692 2573 sunt.
743 2508 856 2592 Itaque
890 2530 1020 2591 prorsus
1054 2529 1119 2572 non
1152 2506 1321 2570 haberemu

208 2620 317 2679 utrum
341 2614 380 2678 ad
400 2613 491 2679 Accii
516 2621 572 2678 aut
596 2599 711 2679 Lucilii
737 2615 962 2678 auctoritatem
987 2637 1027 2678 an
1053 2614 1092 2677 ad
1115 2612 1277 2676 Sullanam
1299 2631 1321 2672 a

208 2727 308 2784 tatem
338 2744 379 2784 an
404 2723 443 2786 ad
467 2724 700 2806 imperatorum
725 2728 871 2805 tempora
894 2723 982 2785 illam
1006 2742 1039 2784 oc
1062 2720 1255 2802 scripturam
1277 2736 1321 2780 ον·

207 2829 315 2910 aliqua
349 2829 580 2910 probabilitate
609 2828 813 2909 referremus,
847 2829 908 2891 nisi
937 2833 1043 2892 tamen
1073 2825 1197 2909 aliquid
1224 2826 1256 2888 iu
1276 2843 1321 2886 ea

207 2936 429 3017 qrraestioncm
462 2937 541 3000 lucis
574 2960 589 3000 e
618 2937 794 3000 Muranum
826 2936 997 2999 mentione
1016 2932 1219 2997 redundaret.
1263 2930 1321 3005 Qut

207 3042 262 3124 qui
293 3041 352 3105 hac
383 3043 524 3106 nominis
555 3043 659 3105 forma
691 3042 814 3124 primus
844 3040 927 3124 quod
957 3062 1040 3103 nunc
1065 3040 1204 3103 sciamus
1227 3031 1321 3101 (llxeri

206 3170 265 3212 nce
289 3145 405 3212 Strabo
436 3151 486 3210 est
513 3171 571 3212 nec
601 3148 683 3211 libro
709 3145 873 3212 CXXXIV
904 3146 1029 3227 Liviae,
1058 3146 1113 3209 sed
1145 3169 1165 3209 a
1194 3143 1321 3209 Strabou

207 3260 476 3318 commemoratus
497 3253 690 3317 Posidonius
710 3254 866 3337 Rhodius,
890 3276 985 3337 quem
1009 3256 1139 3316 constat
1163 3252 1221 3316 sub
1244 3251 1321 3333 ipsur

208 3362 337 3425 initium
363 3362 482 3426 saeculi
508 3362 614 3425 octavi
634 3361 770 3425 Romam
795 3362 929 3425 venisse.
962 3360 1049 3424 Nam
1068 3361 1128 3424 etsi
1149 3382 1168 3421 a
1183 3356 1321 3421 Straboni

209 3493 267 3533 usu
288 3476 320 3533 et
338 3470 455 3534 notitia
471 3469 583 3534 Monoi
602 3469 740 3532 formam
760 3490 892 3552 prorsus
908 3489 977 3531 esse
992 3465 1238 3531 abiudicandam
1253 3461 1321 3527 Berr

207 3576 348 3658 hardyus
374 3577 406 3638 in
430 3574 577 3657 Dionysii
602 3574 726 3657 Perieg.
750 3597 778 3636 v.
802 3574 867 3636 322
891 3573 1029 3654 censuit,
1060 3572 1220 3634 rationem
1245 3576 1321 3633 tame

207 3702 303 3764 aegre
327 3681 513 3765 perspicias,
536 3702 592 3744 cur
614 3702 679 3743 non
703 3680 845 3762 potuerit
869 3680 923 3742 ille
948 3700 1025 3742 suae
1045 3678 1163 3741 aetatis
1183 3678 1321 3740 consueti

208 3786 315 3851 dinem
339 3787 528 3871 Romanam,
553 3787 608 3850 ubi
632 3808 683 3850 res
708 3786 910 3868 senatuum
936 3784 1059 3849 Graeca
1083 3804 1289 3866 componere:
1315 3783 1321 3847 i

208 3916 271 3976 qua
290 3895 450 3958 sententia
471 3894 562 3957 video
582 3894 679 3957 etiam
695 3893 891 3957 Meinelrium
907 3915 976 3956 esse
991 3890 1120 3954 Vindio.
1137 3887 1243 3953 Strab.
1258 3911 1286 3972 p.
1301 3890 1320 3954 8

208 4000 321 4082 ltaque
349 4024 420 4064 cum
446 4024 465 4064 a
488 4001 543 4064 lib.
566 3999 630 4064 Vll
654 4023 684 4083 p,
708 4000 773 4063 295
797 3999 903 4063 verbis
928 3997 1192 4082 interpolationis
1217 3995 1320 4079 suspit

208 4106 312 4169 omnis
337 4109 448 4188 procul
471 4107 622 4172 habenda
646 4107 697 4189 sit,
722 4107 816 4171 modu
841 4111 927 4170 recte
951 4105 1172 4187 distinguatur
1197 4103 1321 4166 oratio}

207 4213 292 4277 hunc
317 4213 459 4276 modum:
488 4215 519 4278 ot
542 4214 651 4278 τοίνυν
674 4215 826 4292 ’Έλληνες
850 4214 923 4276 τού(
947 4233 981 4276 τε
1008 4213 1102 4276 [truc
1128 4211 1254 4290 Θρᾷκα(
1279 4209 1320 4271 ὑπ

208 4319 372 4398 λάμβανον
396 4317 515 4401 (ᾤκουν
539 4320 571 4383 b'
595 4319 653 4400 ἐφ’
677 4320 810 4397 ἑκάτερα
834 4325 892 4383 τοῦ
916 4318 1036 4397 Ἴετρον
1063 4319 1113 4381 καὶ
1137 4315 1228 4381 οὑτοι
1253 4317 1304 4378 καὶ

210 4423 324 4502 Murci,
353 4424 474 4508 Θρᾷκε(
502 4425 593 4492 ὄντε(
622 4428 672 4490 καὶ
701 4425 805 4512 αὐτοί)
834 4427 884 4491 καὶ
911 4427 968 4490 οὓ(
991 4429 1051 4489 νῦν
1076 4425 1216 4490 Μοιεοὺ(
1241 4425 1321 4487 καλο
