2932 5026
66 267 75 285 .
136 302 202 368 264
528 318 567 364 ru
589 317 701 364 vmnu
724 317 889 364 ruasnru

87 499 90 504 ·
136 485 171 527 se
199 461 329 548 quidem
357 463 409 526 sat
436 458 642 526 commodum
670 459 870 524 intellectum
898 459 1006 525 habet
1058 460 1167 528 Motus
1193 463 1244 529 eni

137 568 238 635 animi
260 568 292 635 h.
307 590 333 634 e.
352 567 580 634 concitatiores
599 569 697 650 atque
716 566 795 631 adeo
820 565 1026 632 sublimiores
1049 567 1186 633 affectus
1207 591 1244 636 cu

137 677 297 762 gravitate
322 675 501 761 descriptos
525 674 606 741 satis
630 676 759 740 constat
781 695 800 738 a
818 672 970 740 Terentio
993 673 1059 740 iam
1077 678 1204 742 veteres
1223 700 1244 744 c

136 783 218 848 ticos
247 782 461 867 abiudicasse,
492 783 552 862 ἤθη
581 781 690 866 potius
713 779 765 845 illi
788 801 885 865 quam
908 779 993 860 πάθη
1015 781 1212 849 tribuentes:
1242 816 1244 836 ι

138 912 202 974 quo
226 893 258 954 et
280 889 445 955 luculenta
473 891 550 953 sunt
578 889 612 953 et
637 890 718 951 nota
741 887 891 952 omnibus
914 885 1074 954 Varronis
1096 890 1244 956 testimon

138 995 223 1080 apud
246 994 431 1061 Charisium
458 1019 490 1081 p.
512 993 579 1060 215
605 998 639 1060 et
665 992 808 1060 Nonium
835 1017 866 1078 p.
890 993 964 1060 374.
1008 994 1199 1083 Eodemque
1220 1020 1244 1082 p:

138 1102 210 1168 dem
233 1103 435 1169 intellectum
458 1105 510 1166 est
531 1099 705 1171 Horatium
729 1103 889 1184 spectare,
911 1123 984 1165 cum
1004 1100 1194 1185 pronitatem
1216 1103 1244 1169 la

138 1209 209 1273 dari
232 1209 266 1274 in
290 1207 446 1294 Caecilio,
467 1209 503 1273 in
526 1206 680 1274 Terentio
702 1212 801 1272 ortem
823 1206 951 1273 exclusa
975 1208 1138 1292 gravitate
1163 1211 1244 1296 signi

139 1316 234 1381 cavit
271 1315 331 1381 His
355 1316 456 1402 igitur
470 1315 638 1380 Terentius
661 1311 786 1395 πάθεα,
810 1336 893 1399 quae
916 1313 1131 1394 aMenandro
1155 1317 1244 1401 quide

138 1422 270 1488 minime
294 1422 401 1487 alicua
422 1421 565 1501 filerunt,
587 1441 654 1487 nou
676 1442 746 1487 esse
770 1421 835 1486 nisi
858 1420 979 1487 sedatis
1002 1421 1035 1487 h.
1059 1445 1084 1487 e.
1108 1427 1244 1489 attenua*

139 1535 172 1594 et
202 1529 241 1594 ad
272 1529 415 1615 aliquam
445 1528 665 1593 humilitatem
694 1528 855 1613 depressis
886 1521 962 1594 usus
992 1527 1119 1594 dicitur.
1165 1529 1244 1597 Oont

138 1637 251 1702 sedatae
282 1635 431 1718 owmlrus,
463 1633 548 1718 quod
578 1633 642 1699 fuit
671 1634 722 1699 cui
752 1633 786 1699 in
816 1637 957 1699 mentem
986 1637 1128 1722 reniret,
1160 1638 1244 1703 ratio

140 1743 271 1807 omniuo
296 1745 393 1826 caret,
416 1763 489 1806 oum
507 1741 546 1806 τὸ
564 1740 674 1820 ἠθικὸν
698 1744 821 1826 suapte·
835 1745 954 1807 natura
976 1743 1049 1809 lene
1073 1742 1117 1809 sit
1141 1750 1175 1810 et
1197 1745 1244 1810 ser'

139 1855 219 1916 tum.
262 1848 377 1933 Itaque
410 1847 445 1912 in
476 1847 610 1912 eandem
642 1851 768 1932 partem
799 1847 892 1913 illam
923 1848 1205 1934 interpretandum
1238 1876 1244 1914 ι

140 1957 226 2043 quod
254 1956 454 2022 dim-idiotam
475 1954 689 2020 Menandrum
719 1952 754 2020 Ο.
779 1952 899 2019 Caesar
921 1954 1109 2022 Terentium
1133 1956 1218 2022 dixit
1240 1985 1244 2016 ι

140 2065 195 2150 qui
219 2063 460 2148 subsequuntur
484 2061 644 2144 versibus,
667 2061 698 2125 h.
723 2082 749 2125 e.
772 2059 981 2127 Menandriae
1004 2062 1086 2127 artis
1107 2062 1142 2128 in
1167 2064 1244 2150 dnpl

141 2191 272 2256 genere,
303 2175 337 2235 et
359 2168 465 2234 ethico
490 2171 523 2232 et
544 2166 726 2252 pathetioo,
750 2167 944 2252 conspicuae
967 2167 1136 2235 dimidiam
1159 2175 1244 2237 tanti

140 2281 266 2364 partem
290 2277 493 2342 adsecutum:
518 2275 612 2341 aliter
635 2279 733 2360 atque
746 2273 909 2341 Meinelrio
932 2275 1040 2340 risum
1063 2279 1114 2340 est
1132 2298 1164 2361 p.
1179 2295 1244 2343 xxi

140 2386 175 2450 in
199 2383 418 2450 adnotatione.
463 2380 615 2448 Ceterum
643 2382 728 2467 quod
757 2382 842 2467 apud
866 2379 1037 2447 Schotturn
1060 2382 1082 2447 l.
1105 2405 1131 2449 s.
1155 2406 1181 2448 s.
1204 2406 1244 2469 po

141 2495 210 2557 tum
233 2491 360 2576 reperio
382 2492 496 2557 colotes
518 2489 658 2568 amhae,
688 2511 747 2556 uec
778 2488 871 2573 capio
893 2510 953 2554 nec
976 2490 1059 2555 unde
1082 2489 1224 2556 ascitum

141 2620 291 2684 compen.

231 2740 370 2822 [Ibidem
389 2739 478 2821 effers
496 2745 685 2824 corruptum
699 2761 769 2804 esso
785 2743 899 2823 postea
913 2738 1067 2805 iudicavit
1081 2739 1242 2805 Ritscheli

143 2846 197 2931 qui
221 2847 255 2912 in
276 2869 307 2912 n.
329 2844 414 2911 Mus.
435 2846 539 2912 lthen.
562 2844 624 2911 XV
647 2870 677 2931 p.
702 2847 765 2912 628
790 2846 870 2912 haec
894 2846 1039 2931 scripsit:
1069 2845 1126 2911 ‘Iu
1152 2847 1244 2913 deul

142 2953 349 3019 ceronisohen
372 2950 498 3017 Versen

232 3095 280 3159 Tu
304 3116 446 3179 quoque,
469 3095 525 3179 qui
549 3096 637 3161 solus
661 3096 746 3161 lecto
770 3118 930 3180 sermone,
952 3095 1099 3180 Terenti,
1231 3114 1239 3129 ·

232 3200 429 3267 Conversum
452 3223 702 3287 expressumque
726 3203 830 3268 latina
852 3225 930 3269 voco
952 3202 1168 3269 Menandrum

232 3308 271 3373 In
294 3307 435 3373 medium
458 3308 553 3373 nobis
577 3309 697 3374 sedatis
720 3309 852 3376 motibus
875 3310 982 3392 effers,

232 3415 392 3494 Quiddam
415 3437 505 3481 come
528 3416 664 3501 loquens
689 3420 785 3501 atque
809 3416 918 3482 omnia
941 3416 1049 3482 dulcia
1072 3419 1203 3484 macera

145 3559 250 3625 stockt
279 3556 363 3624 noch
394 3559 447 3622 eiu
477 3557 600 3623 Fehler.
644 3559 708 3624 Mit
737 3558 842 3625 Recht
870 3560 990 3624 nimmt
1019 3559 1074 3624 Fr.
1097 3559 1244 3625 Buchel

146 3666 284 3731 Austoss
304 3687 345 3730 an
365 3664 437 3729 dem
453 3663 573 3745 ‘effers'.
606 3667 724 3732 Latino
742 3687 810 3732 voce
827 3686 1003 3750 capream
1020 3665 1110 3747 effers
1128 3667 1207 3732 liess
1222 3667 1244 3732 si

146 3793 245 3859 sageu
264 3772 323 3836 wie
346 3772 469 3837 vorm
492 3773 529 3838 do
549 3773 635 3839 verbo
658 3794 833 3857 capresm
855 3775 965 3840 extulit
986 3775 1040 3840 bei
1053 3774 1191 3840 Terens:
1214 3773 1244 3838 al

145 3876 232 3944 da'nn
256 3876 339 3943 ohne
362 3877 398 3943 in
419 3878 554 3944 medium
575 3877 707 3963 (nobis),
731 3879 796 3945 und
820 3880 902 3944 auch
927 3901 963 3945 so
987 3880 1047 3945 mit
1069 3878 1244 3946 matum(

145 3985 279 4052 danken.
320 3983 373 4050 Au
396 3983 447 4050 die
470 3985 663 4072 Bedeutung
687 3986 764 4052 aber
787 4009 825 4051 zu
848 3986 984 4072 denken,
1007 3987 1039 4053 in
1059 3987 1116 4052 der
1139 4008 1239 4053 vocem

144 4093 252 4176 vulqus
278 4090 399 4179 efferre,
430 4093 621 4160 claudetne
643 4093 772 4159 oonsilio
794 4091 902 4173 efferre
923 4091 990 4158 und
1014 4091 1212 4159 Achnliches
1235 4114 1244 4178 p

147 4203 221 4286 sagt
243 4199 336 4284 wird,
359 4201 520 4266 verbietet
543 4200 600 4265 das
620 4198 920 4286 Sachverhtltniss3
948 4200 999 4265 die
1022 4199 1244 4266 Menandrisch

146 4304 341 4391 Komtdien,
373 4308 435 4372 seit
462 4307 566 4373 einem
593 4307 714 4373 halben
736 4307 960 4372 Jahrhundert
987 4307 1048 4371 den
1071 4307 1244 4372 Romerw

148 4433 259 4503 genug
286 4412 477 4502 vorgeluhrt
500 4412 600 4479 durch
624 4412 757 4480 Plautus
780 4412 846 4480 und
870 4411 1044 4498 Caecilius,
1076 4436 1187 4480 waren
1209 4414 1244 4480 du
