2932 5026
139 323 201 388 184
496 336 711 385 vascuaurs
734 336 919 385 inavarus.

137 487 299 567 testesque
328 482 397 546 eius
425 481 471 545 rei
499 502 572 545 oum
595 479 677 545 alios
700 480 853 566 zoologos
877 479 1019 545 citarunt
1041 482 1079 545 ut
1101 478 1287 565 Bubonem,

137 589 334 673 Giebelium,
365 592 435 654 tum
459 586 706 672 Schreberum„
719 586 810 652 cuius
838 587 919 652 haec
947 587 1046 653 verba
1074 587 1211 655 suntin
1234 585 1287 652 de·

139 697 316 782 scriptione
336 693 591 761 ‘Mammalium'
614 695 677 760 vol.
699 693 748 759 ΙΙΙ
775 717 806 778 p.
829 693 909 759 350:
942 692 1004 759 ‘im
1026 692 1128 759 Lause
1156 693 1202 759 ist
1229 693 1287 760 der

138 804 233 869 Wolf
258 803 333 868 sehr
360 801 510 888 fluehtig;
542 801 587 866 im
611 799 723 867 Gehen
752 800 906 867 schreitet
932 822 967 867 er
990 800 1133 887 weniger
1156 801 1207 867 als
1229 801 1287 867 der

138 910 251 996 Hund,
283 910 347 976 und
375 897 443 975 sein
472 909 567 994 Gang
594 909 687 994 giebt
713 909 779 974 ihm
807 908 865 974 das
893 907 1060 992 Anseheu,
1093 908 1143 973 als
1175 909 1220 974 ob
1253 930 1288 975 er

51 1102 56 1107 .
139 1018 364 1083 kreurlahm
388 1013 537 1104 wiire'.⁶)
585 1015 677 1092 Quod
702 1036 775 1081 cum
798 1015 851 1103 ita
868 1015 924 1100 sit,
946 1014 1100 1081 Plautino
1124 1015 1285 1082 versiculo

140 1125 219 1192 mihi
249 1124 381 1190 dubium
409 1146 473 1189 non
502 1127 554 1189 est
575 1122 654 1208 quin
679 1122 804 1189 cinaedi
828 1122 963 1188 alicuius
987 1122 1148 1212 (hominis
1172 1121 1286 1188 ‘fracti

141 1236 238 1319 atque
266 1229 420 1297 elumbis'
449 1234 487 1296 ut
513 1253 586 1296 cum
614 1228 727 1295 Tacito
757 1227 899 1315 loquar),
931 1230 1068 1315 languor
1100 1234 1135 1295 et
1166 1229 1287 1294 inertia

140 1341 282 1404 notetur.
327 1335 440 1424 quue
467 1337 606 1403 fortasse
634 1337 737 1421 ipsius
761 1335 888 1425 ‘lupus'
912 1338 1062 1403 vocabuli
1086 1336 1285 1424 ambiguitas
1315 1353 1318 1358 ·

140 1444 298 1532 quaedam
330 1447 466 1528 spectat.
519 1445 644 1530 Quippe
677 1445 776 1510 λύκον
808 1443 931 1510 dictum
962 1466 1033 1512 esse
1065 1442 1284 1530 pedioatorem

141 1551 289 1636 exempla
312 1550 487 1618 ostendunt
511 1552 552 1617 ab
575 1551 724 1617 lacobsio
748 1550 919 1618 Animadv.
942 1552 978 1617 in
1000 1551 1135 1618 Anthol.
1150 1572 1201 1638 gr.
1215 1548 1286 1635 cll,

141 1659 162 1724 3
185 1682 215 1743 p.
237 1658 299 1723 123
323 1662 530 1743 exprompta,
552 1679 649 1742 quam
673 1657 955 1743 significationem,
978 1659 1047 1725 sive
1070 1657 1285 1744 comparatio

141 1787 214 1830 nem
238 1764 333 1848 dices,
356 1764 438 1829 nihil
456 1764 603 1849 profecto
622 1765 759 1851 impedit
777 1766 949 1852 quominus
969 1766 1067 1833 etiam
1087 1766 1129 1831 ad
1147 1766 1286 1832 latinum

140 1870 268 1957 ‘lupus'
287 1872 481 1938 vocabulum
500 1872 697 1958 pertinuisse
716 1870 933 1960 credamus⁷);
956 1872 1160 1958 pedicatores
1179 1876 1287 1940 anum

141 1980 220 2045 satis
244 1982 372 2045 constat
395 2003 494 2066 quarn
517 1981 639 2048 usitata
661 1981 808 2067 nequitia
830 1981 930 2046 etiam
952 1981 1156 2066 pathicorum
1175 1984 1287 2066 partes

140 2091 270 2152 mutuas
299 2088 519 2153 sustinuerint.
563 2086 692 2154 Pathici
719 2089 820 2175 igitur
846 2080 1012 2156 notionem
1041 2088 1175 2153 subesse
1199 2090 1287 2153 recte

141 2194 335 2280 intellegens
358 2197 451 2261 vetus
475 2195 591 2280 aliquis
614 2193 773 2280 interpres
796 2193 905 2261 Plauti
929 2217 1002 2261 cum
1025 2193 1200 2261 ‘infractos
1225 2194 1289 2260 clu·

141 2300 215 2366 nes’
239 2301 432 2386 explicasset
455 2298 688 2385 ‘distortos',
711 2301 791 2366 haec
813 2301 887 2387 ipsa
909 2300 1134 2387 interpretatio
1154 2300 1289 2367 transiit

141 2408 175 2472 in
198 2408 309 2492 copias
333 2431 353 2473 a
375 2407 482 2474 Nonio
506 2406 674 2492 expilatae.
710 2405 795 2472 Nam
819 2412 856 2472 ut
878 2408 941 2473 huc
963 2409 1073 2493 potius
1096 2412 1288 2495 corruptum

142 2515 175 2581 in
189 2514 347 2581 Nonianis
367 2514 461 2580 libris
479 2515 617 2593 decemo,
640 2514 726 2598 quod
744 2515 890 2601 intellegi
908 2538 1005 2601 posse
1023 2537 1116 2602 nego,
1139 2536 1289 2582 revocem

142 2642 237 2706 quarn
267 2621 307 2686 ad
334 2621 487 2686 distractos
513 2621 565 2685 vel
593 2621 738 2686 clamans
764 2621 816 2685 vel
845 2622 983 2688 dislmm
1009 2623 1060 2687 vel
1083 2623 1211 2688 detritos
1233 2624 1292 2688 aut

142 2729 284 2808 defrictos
312 2726 408 2813 (nihil
438 2730 474 2793 ut
497 2727 535 2792 de
558 2726 722 2793 Bothiano
745 2728 872 2809 defectos
894 2728 1000 2793 dicam
1024 2728 1075 2792 vel
1098 2727 1220 2795 vitioso
1242 2729 1290 2794 di-

142 2841 237 2901 sertos
260 2833 412 2921 Osanni),
431 2839 560 2920 praeter
583 2834 649 2900 alia
672 2834 809 2901 suadent
831 2834 968 2900 ‘extorti
991 2833 1117 2901 clunes'
1141 2833 1290 2903 Petronii

144 2967 169 3008 c.
180 2943 231 3007 21.
247 2979 288 2988 —
305 2941 457 3008 Ceterum
476 2943 514 3007 de
534 2943 688 3028 ambiguo
708 2964 824 3028 genere
843 2943 1058 3029 grammatico
1071 2943 1173 3009 clunis
1185 2944 1293 3010 clunes

144 3048 293 3115 vocabuli
317 3070 389 3112 cum
412 3047 512 3113 Nonii
534 3045 685 3131 Festique
708 3047 904 3114 testimoniis
920 3046 1104 3115 charisium
1127 3048 1177 3136 (iu
1200 3050 1293 3116 cuius

144 3154 252 3220 verbis
276 3176 306 3238 p.
324 3154 396 3237 101,
413 3154 454 3218 10
477 3153 583 3238 ipsum
603 3175 730 3218 versum
749 3153 935 3220 Plautinum
959 3155 1163 3222 intercidisse
1185 3157 1293 3243 suspi-

144 3284 199 3327 cor
229 3262 307 3327 duce
336 3257 458 3345 Keilio)
489 3263 586 3345 atque
615 3258 762 3325 Servium
791 3262 974 3346 composuit
997 3260 1134 3329 Vossius
1162 3263 1183 3327 l.
1209 3288 1235 3329 s.
1258 3288 1294 3347 s.,

144 3369 275 3436 Horatii
294 3368 495 3452 scholiastae,
518 3366 671 3450 Phocum,
694 3364 836 3452 (lapsum
860 3389 933 3434 curn
955 3369 1093 3435 recentis
1116 3369 1295 3436 memoriae

216 3585 243 3651 6)
263 3580 373 3636 Addere
391 3579 490 3635 licebit
507 3578 596 3650 ipsius
615 3579 765 3636 Leucharti
784 3580 882 3636 verba:
903 3580 965 3635 ‘der
974 3579 1054 3635 Wolf
1067 3579 1123 3651 gilt
1135 3579 1190 3636 mit
1202 3581 1296 3638 Recbt

144 3674 189 3727 fdr
211 3669 457 3735 lendensohvvsch3
486 3669 545 3724 sein
563 3669 675 3725 Beolren
700 3669 738 3724 ist
760 3669 933 3738 schwbcher,
957 3668 1004 3724 die
1022 3669 1206 3726 Hinterbeine
1231 3670 1295 3726 sind

145 3760 297 3828 zicrlicher‚
317 3758 362 3812 die
382 3758 468 3812 Lauso
486 3757 594 3814 dunner
612 3758 654 3813 als
672 3757 749 3814 beim
767 3758 882 3827 iiuada,
901 3757 954 3814 vvie
973 3758 1046 3813 deun
1065 3759 1227 3829 uberhaupt
1245 3759 1297 3815 der

145 3868 232 3921 ganza
251 3848 452 3918 llinterlrbrper
480 3865 516 3902 au
544 3846 759 3919 Entwiclrelung
788 3848 845 3902 und
873 3847 1080 3919 Kraltleistung
1105 3846 1200 3903 hinter
1228 3849 1294 3904 dem

146 3938 328 3995 Vorderleibe
347 3937 559 3993 zurdckbleibt.’
996 4004 1001 4013 ι

218 4030 245 4096 l)
265 4029 305 4082 Ao
323 4025 442 4083 fortasse
462 4046 517 4082 non
535 4030 650 4098 propter
669 4027 758 4083 solam
777 4027 961 4098 rapacitatem
976 4026 1058 4097 Lyci
1077 4043 1179 4082 nomen
1198 4027 1296 4084 lenoni

148 4117 310 4187 impositum
329 4119 373 4172 est
390 4116 421 4172 in
434 4116 566 4173 Poenulo.
583 4149 614 4157 —
631 4116 737 4173 benoni
755 4119 849 4173 autern
868 4116 943 4171 haud
961 4115 1019 4173 scio
1034 4133 1070 4170 an
1083 4114 1147 4186 ipsa
1160 4115 1296 4173 Plautina

146 4207 232 4261 verba
250 4223 305 4261 nou
324 4205 499 4262 incommodo
517 4205 683 4262 tribuantur.
723 4206 811 4272 (licem
837 4205 942 4262 arnicas
961 4207 1056 4262 monet
1074 4204 1147 4262 serio
1165 4206 1294 4276 potuisse

146 4301 176 4352 ct
198 4314 291 4352 armos
314 4297 342 4350 et
365 4294 459 4349 clunes
478 4295 586 4350 validos
606 4296 643 4362 (h.
664 4313 686 4349 e.
706 4313 771 4351 uon
789 4295 903 4364 fractos)
922 4293 1100 4364 praedicare,
1123 4295 1174 4350 sed
1192 4296 1226 4350 ut
1243 4313 1296 4367 per

145 4386 303 4455 quaesitam
321 4382 537 4455 ambiguitatem
555 4383 614 4454 ipse
633 4385 720 4455 posta
738 4384 860 4440 voluerit
877 4386 980 4441 fractos
997 4383 1126 4456 intellegi
1144 4401 1164 4441 s
1181 4388 1293 4456 specta·

148 4471 413 4545 nahusa-argutius
431 4475 500 4544 puto
519 4490 603 4543 quam
623 4471 785 4544 simplicius.
