<?xml version="1.0" encoding="UTF-8"?>
<!DOCTYPE html PUBLIC "-//W3C//DTD XHTML 1.0 Transitional//EN"
    "http://www.w3.org/TR/xhtml1/DTD/xhtml1-transitional.dtd">
<html xmlns="http://www.w3.org/1999/xhtml" xml:lang="en" lang="en">
 <head>
  <title>
</title>
<meta http-equiv="Content-Type" content="text/html;charset=utf-8" />
  <meta name='ocr-system' content='tesseract 3.04.00' />
  <meta name='ocr-capabilities' content='ocr_page ocr_carea ocr_par ocr_line ocrx_word'/>
</head>
<body>
  <div class='ocr_page' id='page_1' title='image "./fridericiritsch02ritsgoog_0593.png"; bbox 0 0 2956 5018; ppageno 0'>
   <div class='ocr_carea' id='block_1_1' title="bbox 279 112 1093 177">
    <p class='ocr_par' dir='ltr' id='par_1_1' title="bbox 279 112 1093 177">
     <span class='ocr_line' id='line_1_1' title="bbox 279 112 1093 177; baseline -0.007 0"><span class='ocrx_word' id='word_1_1' title='bbox 279 114 344 177; x_wconf 82' lang='lat'>560</span> <span class='ocrx_word' id='word_1_2' title='bbox 602 128 718 175; x_wconf 81' lang='lat' dir='ltr'>onaan</span> <span class='ocrx_word' id='word_1_3' title='bbox 741 112 888 175; x_wconf 81' lang='lat' dir='ltr'>vnaao&#39;s</span> <span class='ocrx_word' id='word_1_4' title='bbox 912 126 1093 173; x_wconf 79' lang='lat' dir='ltr'>rnaemvn</span> 
     </span>
    </p>
   </div>
   <div class='ocr_carea' id='block_1_2' title="bbox 279 263 1404 778">
    <p class='ocr_par' dir='ltr' id='par_1_2' title="bbox 279 263 1404 778">
     <span class='ocr_line' id='line_1_2' title="bbox 279 263 1394 354; baseline -0.007 -19"><span class='ocrx_word' id='word_1_5' title='bbox 279 275 316 335; x_wconf 90' lang='lat' dir='ltr'>ut</span> <span class='ocrx_word' id='word_1_6' title='bbox 342 272 393 335; x_wconf 86' lang='lat' dir='ltr'>vel</span> <span class='ocrx_word' id='word_1_7' title='bbox 424 270 641 354; x_wconf 80' lang='lat' dir='ltr'>antiquiorem</span> <span class='ocrx_word' id='word_1_8' title='bbox 671 270 722 334; x_wconf 86' lang='lat' dir='ltr'>vel</span> <span class='ocrx_word' id='word_1_9' title='bbox 752 269 1033 352; x_wconf 70' lang='lat' dir='ltr'>praestabiliorem</span> <span class='ocrx_word' id='word_1_10' title='bbox 1057 265 1250 347; x_wconf 89' lang='lat' dir='ltr'>Daedalo,</span> <span class='ocrx_word' id='word_1_11' title='bbox 1272 263 1394 331; x_wconf 80' lang='lat' dir='ltr'>Chersi-</span> 
     </span>
     <span class='ocr_line' id='line_1_3' title="bbox 279 370 1397 462; baseline -0.006 -20"><span class='ocrx_word' id='word_1_12' title='bbox 279 379 440 462; x_wconf 91' lang='lat' dir='ltr'>phrone,</span> <span class='ocrx_word' id='word_1_13' title='bbox 463 377 604 459; x_wconf 80' lang='lat' dir='ltr'>totino,</span> <span class='ocrx_word' id='word_1_14' title='bbox 627 376 805 459; x_wconf 80' lang='lat' dir='ltr'>Philone,</span> <span class='ocrx_word' id='word_1_15' title='bbox 824 374 1055 458; x_wconf 87' lang='lat' dir='ltr'>Dinochare,</span> <span class='ocrx_word' id='word_1_16' title='bbox 1074 372 1306 438; x_wconf 80' lang='lat' dir='ltr'>Archimede</span> <span class='ocrx_word' id='word_1_17' title='bbox 1326 370 1397 455; x_wconf 86' lang='lat' dir='ltr'>septi·</span> 
     </span>
     <span class='ocr_line' id='line_1_4' title="bbox 281 477 1401 567; baseline -0.004 -20"><span class='ocrx_word' id='word_1_18' title='bbox 281 506 398 567; x_wconf 90' lang='lat' dir='ltr'>moque</span> <span class='ocrx_word' id='word_1_19' title='bbox 425 482 668 548; x_wconf 81' lang='lat' dir='ltr'>Menecrate?</span> <span class='ocrx_word' id='word_1_20' title='bbox 707 483 769 547; x_wconf 90' lang='lat' dir='ltr'>Vel</span> <span class='ocrx_word' id='word_1_21' title='bbox 797 505 891 567; x_wconf 91' lang='lat' dir='ltr'>quem</span> <span class='ocrx_word' id='word_1_22' title='bbox 920 481 1155 565; x_wconf 82' lang='lat' dir='ltr'>Hippocrati</span> <span class='ocrx_word' id='word_1_23' title='bbox 1184 479 1346 561; x_wconf 77' lang='lat' dir='ltr'>anteferri,</span> <span class='ocrx_word' id='word_1_24' title='bbox 1367 477 1401 543; x_wconf 85' lang='lat' dir='ltr'>ori</span> 
     </span>
     <span class='ocr_line' id='line_1_5' title="bbox 281 586 1402 674; baseline -0.004 -21"><span class='ocrx_word' id='word_1_25' title='bbox 281 613 336 654; x_wconf 83' lang='lat' dir='ltr'>sex</span> <span class='ocrx_word' id='word_1_26' title='bbox 378 590 411 652; x_wconf 89' lang='lat' dir='ltr'>in</span> <span class='ocrx_word' id='word_1_27' title='bbox 452 590 576 653; x_wconf 87' lang='lat' dir='ltr'>medico</span> <span class='ocrx_word' id='word_1_28' title='bbox 619 611 737 674; x_wconf 81' lang='lat' dir='ltr'>genere</span> <span class='ocrx_word' id='word_1_29' title='bbox 780 589 884 653; x_wconf 91' lang='lat' dir='ltr'>socios</span> <span class='ocrx_word' id='word_1_30' title='bbox 922 587 1112 667; x_wconf 84' lang='lat' dir='ltr'>Dioclem,</span> <span class='ocrx_word' id='word_1_31' title='bbox 1154 586 1402 670; x_wconf 86' lang='lat' dir='ltr'>Praxagoran,</span> 
     </span>
     <span class='ocr_line' id='line_1_6' title="bbox 281 690 1404 778; baseline -0.004 -19"><span class='ocrx_word' id='word_1_32' title='bbox 281 694 551 778; x_wconf 85' lang='lat' dir='ltr'>Chrysippum,</span> <span class='ocrx_word' id='word_1_33' title='bbox 590 690 888 776; x_wconf 81' lang='lat' dir='ltr'>Erasistratum,</span> <span class='ocrx_word' id='word_1_34' title='bbox 923 693 1197 776; x_wconf 88' lang='lat' dir='ltr'>Herophilum,</span> <span class='ocrx_word' id='word_1_35' title='bbox 1231 691 1404 775; x_wconf 85' lang='lat' dir='ltr'>Asclepia-</span> 
     </span>
    </p>
   </div>
   <div class='ocr_carea' id='block_1_3' title="bbox 187 798 1405 880">
    <p class='ocr_par' dir='ltr' id='par_1_3' title="bbox 187 798 1405 880">
     <span class='ocr_line' id='line_1_7' title="bbox 187 798 1405 880; baseline -0.004 -15"><span class='ocrx_word' id='word_1_36' title='bbox 187 818 191 829; x_wconf 80' lang='grc'><strong>“</strong></span> <span class='ocrx_word' id='word_1_37' title='bbox 281 803 363 865; x_wconf 91' lang='lat' dir='ltr'>dem</span> <span class='ocrx_word' id='word_1_38' title='bbox 387 802 511 866; x_wconf 86' lang='lat' dir='ltr'>Plinius</span> <span class='ocrx_word' id='word_1_39' title='bbox 539 803 644 866; x_wconf 87' lang='lat' dir='ltr'>iunxit</span> <span class='ocrx_word' id='word_1_40' title='bbox 672 801 728 865; x_wconf 88' lang='lat' dir='ltr'>lib.</span> <span class='ocrx_word' id='word_1_41' title='bbox 751 799 857 863; x_wconf 89' lang='lat' dir='ltr'>XXVI</span> <span class='ocrx_word' id='word_1_42' title='bbox 887 823 906 862; x_wconf 92' lang='lat' dir='ltr'>a</span> <span class='ocrx_word' id='word_1_43' title='bbox 933 804 952 880; x_wconf 66' lang='grc' dir='ltr'>ξ</span> <span class='ocrx_word' id='word_1_44' title='bbox 980 801 1019 863; x_wconf 87' lang='grc'>10</span> <span class='ocrx_word' id='word_1_45' title='bbox 1042 798 1083 863; x_wconf 88' lang='lat' dir='ltr'>ad</span> <span class='ocrx_word' id='word_1_46' title='bbox 1112 798 1176 862; x_wconf 82' lang='lat'>12?</span> <span class='ocrx_word' id='word_1_47' title='bbox 1229 798 1347 874; x_wconf 80' lang='lat' dir='ltr'>Quodsi</span> <span class='ocrx_word' id='word_1_48' title='bbox 1371 806 1405 861; x_wconf 83' lang='lat' dir='ltr'>est</span> 
     </span>
    </p>
   </div>
   <div class='ocr_carea' id='block_1_4' title="bbox 282 903 1430 4279">
    <p class='ocr_par' dir='ltr' id='par_1_4' title="bbox 282 903 1430 3199">
     <span class='ocr_line' id='line_1_8' title="bbox 282 903 1405 992; baseline -0.003 -22"><span class='ocrx_word' id='word_1_49' title='bbox 282 909 337 992; x_wconf 88' lang='lat' dir='ltr'>qui</span> <span class='ocrx_word' id='word_1_50' title='bbox 357 908 419 971; x_wconf 92' lang='lat' dir='ltr'>huc</span> <span class='ocrx_word' id='word_1_51' title='bbox 439 907 593 972; x_wconf 85' lang='lat' dir='ltr'>advocare</span> <span class='ocrx_word' id='word_1_52' title='bbox 611 908 754 972; x_wconf 88' lang='lat' dir='ltr'>musicos</span> <span class='ocrx_word' id='word_1_53' title='bbox 774 906 917 970; x_wconf 88' lang='lat' dir='ltr'>animum</span> <span class='ocrx_word' id='word_1_54' title='bbox 936 904 1079 986; x_wconf 88' lang='lat' dir='ltr'>inducat,</span> <span class='ocrx_word' id='word_1_55' title='bbox 1097 903 1238 968; x_wconf 89' lang='lat' dir='ltr'>habebit</span> <span class='ocrx_word' id='word_1_56' title='bbox 1255 904 1283 968; x_wconf 89' lang='lat' dir='ltr'>is</span> <span class='ocrx_word' id='word_1_57' title='bbox 1302 903 1405 987; x_wconf 88' lang='lat' dir='ltr'>quiden</span> 
     </span>
     <span class='ocr_line' id='line_1_9' title="bbox 283 1010 1407 1098; baseline -0.002 -21"><span class='ocrx_word' id='word_1_58' title='bbox 283 1036 378 1098; x_wconf 90' lang='lat' dir='ltr'>quem</span> <span class='ocrx_word' id='word_1_59' title='bbox 407 1015 438 1077; x_wconf 93' lang='lat' dir='ltr'>in</span> <span class='ocrx_word' id='word_1_60' title='bbox 468 1013 575 1078; x_wconf 89' lang='lat' dir='ltr'>fronte</span> <span class='ocrx_word' id='word_1_61' title='bbox 604 1018 706 1098; x_wconf 90' lang='lat' dir='ltr'>ponat</span> <span class='ocrx_word' id='word_1_62' title='bbox 735 1012 875 1077; x_wconf 84' lang='lat' dir='ltr'>Graecae</span> <span class='ocrx_word' id='word_1_63' title='bbox 904 1012 1116 1076; x_wconf 89' lang='lat' dir='ltr'>hebdomadis</span> <span class='ocrx_word' id='word_1_64' title='bbox 1144 1010 1407 1094; x_wconf 70' lang='lat' dir='ltr'>paradigmatice,</span> 
     </span>
     <span class='ocr_line' id='line_1_10' title="bbox 283 1118 1407 1202; baseline -0.002 -20"><span class='ocrx_word' id='word_1_65' title='bbox 283 1121 350 1182; x_wconf 89' lang='lat' dir='ltr'>sive</span> <span class='ocrx_word' id='word_1_66' title='bbox 380 1121 407 1182; x_wconf 91' lang='lat' dir='ltr'>is</span> <span class='ocrx_word' id='word_1_67' title='bbox 432 1118 581 1202; x_wconf 85' lang='lat' dir='ltr'>Orpheus</span> <span class='ocrx_word' id='word_1_68' title='bbox 605 1125 655 1183; x_wconf 85' lang='lat' dir='ltr'>est</span> <span class='ocrx_word' id='word_1_69' title='bbox 683 1122 751 1183; x_wconf 89' lang='lat' dir='ltr'>sive</span> <span class='ocrx_word' id='word_1_70' title='bbox 775 1119 934 1202; x_wconf 87' lang='lat' dir='ltr'>Olympus</span> <span class='ocrx_word' id='word_1_71' title='bbox 962 1119 1030 1182; x_wconf 87' lang='lat' dir='ltr'>sive</span> <span class='ocrx_word' id='word_1_72' title='bbox 1058 1118 1176 1182; x_wconf 88' lang='lat' dir='ltr'>horum</span> <span class='ocrx_word' id='word_1_73' title='bbox 1206 1118 1338 1199; x_wconf 88' lang='lat' dir='ltr'>similis,</span> <span class='ocrx_word' id='word_1_74' title='bbox 1360 1138 1407 1181; x_wconf 87' lang='lat' dir='ltr'>non</span> 
     </span>
     <span class='ocr_line' id='line_1_11' title="bbox 282 1222 1407 1309; baseline -0.001 -22"><span class='ocrx_word' id='word_1_75' title='bbox 282 1225 418 1295; x_wconf 88' lang='lat' dir='ltr'>habebit</span> <span class='ocrx_word' id='word_1_76' title='bbox 450 1248 547 1309; x_wconf 86' lang='lat' dir='ltr'>quem</span> <span class='ocrx_word' id='word_1_77' title='bbox 578 1226 652 1288; x_wconf 91' lang='lat' dir='ltr'>huic</span> <span class='ocrx_word' id='word_1_78' title='bbox 685 1248 797 1309; x_wconf 89' lang='lat' dir='ltr'>parem</span> <span class='ocrx_word' id='word_1_79' title='bbox 830 1225 929 1289; x_wconf 86' lang='lat' dir='ltr'>faciat</span> <span class='ocrx_word' id='word_1_80' title='bbox 961 1224 1155 1288; x_wconf 80' lang='lat' dir='ltr'>Romanum.</span> <span class='ocrx_word' id='word_1_81' title='bbox 1201 1222 1273 1289; x_wconf 89' lang='lat' dir='ltr'>Nee</span> <span class='ocrx_word' id='word_1_82' title='bbox 1304 1228 1407 1307; x_wconf 73' lang='lat' dir='ltr'>praeter</span> 
     </span>
     <span class='ocr_line' id='line_1_12' title="bbox 283 1329 1408 1415; baseline -0.003 -20"><span class='ocrx_word' id='word_1_83' title='bbox 283 1332 462 1415; x_wconf 91' lang='lat' dir='ltr'>principem</span> <span class='ocrx_word' id='word_1_84' title='bbox 483 1333 625 1395; x_wconf 87' lang='lat' dir='ltr'>omnium</span> <span class='ocrx_word' id='word_1_85' title='bbox 645 1331 791 1395; x_wconf 84' lang='lat' dir='ltr'>Aeneam</span> <span class='ocrx_word' id='word_1_86' title='bbox 811 1330 944 1414; x_wconf 88' lang='lat' dir='ltr'>eiusque</span> <span class='ocrx_word' id='word_1_87' title='bbox 963 1330 1085 1394; x_wconf 90' lang='lat' dir='ltr'>socium</span> <span class='ocrx_word' id='word_1_88' title='bbox 1101 1330 1264 1393; x_wconf 85' lang='lat' dir='ltr'>Graecum</span> <span class='ocrx_word' id='word_1_89' title='bbox 1284 1329 1408 1393; x_wconf 85' lang='lat' dir='ltr'>videntur</span> 
     </span>
     <span class='ocr_line' id='line_1_13' title="bbox 284 1434 1407 1522; baseline -0.004 -21"><span class='ocrx_word' id='word_1_90' title='bbox 284 1459 300 1501; x_wconf 90' lang='lat' dir='ltr'>e</span> <span class='ocrx_word' id='word_1_91' title='bbox 320 1438 463 1519; x_wconf 86' lang='lat' dir='ltr'>mythico</span> <span class='ocrx_word' id='word_1_92' title='bbox 488 1460 604 1522; x_wconf 83' lang='lat' dir='ltr'>genere</span> <span class='ocrx_word' id='word_1_93' title='bbox 629 1459 778 1520; x_wconf 86' lang='lat' dir='ltr'>proceres</span> <span class='ocrx_word' id='word_1_94' title='bbox 802 1437 896 1520; x_wconf 90' lang='lat' dir='ltr'>petiti</span> <span class='ocrx_word' id='word_1_95' title='bbox 916 1458 994 1501; x_wconf 89' lang='lat' dir='ltr'>esse.</span> <span class='ocrx_word' id='word_1_96' title='bbox 1030 1434 1122 1519; x_wconf 84' lang='lat' dir='ltr'>Ergo</span> <span class='ocrx_word' id='word_1_97' title='bbox 1143 1436 1198 1499; x_wconf 84' lang='lat' dir='ltr'>vix</span> <span class='ocrx_word' id='word_1_98' title='bbox 1218 1435 1304 1499; x_wconf 88' lang='lat' dir='ltr'>aliud</span> <span class='ocrx_word' id='word_1_99' title='bbox 1324 1440 1407 1517; x_wconf 74' lang='lat' dir='ltr'>caput,</span> 
     </span>
     <span class='ocr_line' id='line_1_14' title="bbox 284 1541 1407 1627; baseline -0.002 -20"><span class='ocrx_word' id='word_1_100' title='bbox 284 1545 367 1608; x_wconf 91' lang='lat' dir='ltr'>unde</span> <span class='ocrx_word' id='word_1_101' title='bbox 396 1544 590 1627; x_wconf 89' lang='lat' dir='ltr'>principium</span> <span class='ocrx_word' id='word_1_102' title='bbox 620 1566 688 1607; x_wconf 88' lang='lat' dir='ltr'>esse</span> <span class='ocrx_word' id='word_1_103' title='bbox 716 1542 839 1606; x_wconf 88' lang='lat' dir='ltr'>factum</span> <span class='ocrx_word' id='word_1_104' title='bbox 863 1541 1025 1624; x_wconf 89' lang='lat' dir='ltr'>credatur,</span> <span class='ocrx_word' id='word_1_105' title='bbox 1052 1541 1116 1605; x_wconf 88' lang='lat' dir='ltr'>nisi</span> <span class='ocrx_word' id='word_1_106' title='bbox 1143 1546 1203 1605; x_wconf 87' lang='lat' dir='ltr'>aut</span> <span class='ocrx_word' id='word_1_107' title='bbox 1230 1541 1407 1605; x_wconf 86' lang='lat' dir='ltr'>mathemati·</span> 
     </span>
     <span class='ocr_line' id='line_1_15' title="bbox 284 1648 1407 1734; baseline -0.003 -21"><span class='ocrx_word' id='word_1_108' title='bbox 284 1673 355 1714; x_wconf 87' lang='lat' dir='ltr'>curn</span> <span class='ocrx_word' id='word_1_109' title='bbox 385 1654 442 1713; x_wconf 89' lang='lat' dir='ltr'>aut</span> <span class='ocrx_word' id='word_1_110' title='bbox 469 1650 716 1734; x_wconf 88' lang='lat' dir='ltr'>grammaticum</span> <span class='ocrx_word' id='word_1_111' title='bbox 747 1651 902 1732; x_wconf 88' lang='lat' dir='ltr'>superest.</span> <span class='ocrx_word' id='word_1_112' title='bbox 945 1648 1059 1711; x_wconf 74' lang='lat' dir='ltr'>(trasei</span> <span class='ocrx_word' id='word_1_113' title='bbox 1087 1652 1200 1711; x_wconf 86' lang='lat' dir='ltr'>autem</span> <span class='ocrx_word' id='word_1_114' title='bbox 1229 1648 1281 1712; x_wconf 85' lang='lat' dir='ltr'>vel</span> <span class='ocrx_word' id='word_1_115' title='bbox 1303 1669 1407 1733; x_wconf 85' lang='lat' dir='ltr'>geone</span> 
     </span>
     <span class='ocr_line' id='line_1_16' title="bbox 286 1753 1408 1839; baseline -0.004 -19"><span class='ocrx_word' id='word_1_116' title='bbox 286 1762 356 1821; x_wconf 91' lang='lat' dir='ltr'>trae</span> <span class='ocrx_word' id='word_1_117' title='bbox 381 1758 431 1820; x_wconf 89' lang='lat' dir='ltr'>vel</span> <span class='ocrx_word' id='word_1_118' title='bbox 461 1757 641 1820; x_wconf 87' lang='lat' dir='ltr'>astronomi</span> <span class='ocrx_word' id='word_1_119' title='bbox 670 1778 742 1819; x_wconf 88' lang='lat' dir='ltr'>cum</span> <span class='ocrx_word' id='word_1_120' title='bbox 770 1760 899 1838; x_wconf 88' lang='lat' dir='ltr'>praeter</span> <span class='ocrx_word' id='word_1_121' title='bbox 924 1753 1166 1837; x_wconf 87' lang='lat' dir='ltr'>Archimedem,</span> <span class='ocrx_word' id='word_1_122' title='bbox 1195 1756 1251 1839; x_wconf 90' lang='lat' dir='ltr'>qui</span> <span class='ocrx_word' id='word_1_123' title='bbox 1278 1754 1408 1819; x_wconf 87' lang='lat' dir='ltr'>suanir</span> 
     </span>
     <span class='ocr_line' id='line_1_17' title="bbox 285 1859 1414 1944; baseline -0.004 -19"><span class='ocrx_word' id='word_1_124' title='bbox 285 1863 471 1926; x_wconf 83' lang='lat' dir='ltr'>architectis</span> <span class='ocrx_word' id='word_1_125' title='bbox 507 1863 614 1926; x_wconf 87' lang='lat' dir='ltr'>sedem</span> <span class='ocrx_word' id='word_1_126' title='bbox 647 1863 829 1944; x_wconf 90' lang='lat' dir='ltr'>invenerat,</span> <span class='ocrx_word' id='word_1_127' title='bbox 866 1883 931 1925; x_wconf 91' lang='lat' dir='ltr'>nou</span> <span class='ocrx_word' id='word_1_128' title='bbox 964 1859 1044 1924; x_wconf 89' lang='lat' dir='ltr'>adeo</span> <span class='ocrx_word' id='word_1_129' title='bbox 1082 1861 1178 1942; x_wconf 88' lang='lat' dir='ltr'>pauci</span> <span class='ocrx_word' id='word_1_130' title='bbox 1212 1861 1247 1923; x_wconf 95' lang='lat' dir='ltr'>in</span> <span class='ocrx_word' id='word_1_131' title='bbox 1278 1864 1414 1944; x_wconf 89' lang='lat' dir='ltr'>promptu</span> 
     </span>
     <span class='ocr_line' id='line_1_18' title="bbox 285 1965 1418 2052; baseline -0.003 -21"><span class='ocrx_word' id='word_1_132' title='bbox 285 1976 393 2033; x_wconf 90' lang='lat' dir='ltr'>essent</span> <span class='ocrx_word' id='word_1_133' title='bbox 416 1989 433 2031; x_wconf 92' lang='lat' dir='ltr'>e</span> <span class='ocrx_word' id='word_1_134' title='bbox 457 1968 572 2051; x_wconf 91' lang='lat' dir='ltr'>quibus</span> <span class='ocrx_word' id='word_1_135' title='bbox 597 1969 748 2052; x_wconf 87' lang='lat' dir='ltr'>princeps</span> <span class='ocrx_word' id='word_1_136' title='bbox 772 1967 1015 2050; x_wconf 86' lang='lat' dir='ltr'>disciplinarum</span> <span class='ocrx_word' id='word_1_137' title='bbox 1034 1965 1261 2029; x_wconf 85' lang='lat' dir='ltr'>conditoribus</span> <span class='ocrx_word' id='word_1_138' title='bbox 1283 1965 1418 2029; x_wconf 74' lang='lat' dir='ltr'>omnibus</span> 
     </span>
     <span class='ocr_line' id='line_1_19' title="bbox 284 2070 1421 2158; baseline -0.006 -19"><span class='ocrx_word' id='word_1_139' title='bbox 284 2076 524 2158; x_wconf 86' lang='lat' dir='ltr'>praeficeretur:</span> <span class='ocrx_word' id='word_1_140' title='bbox 557 2075 645 2139; x_wconf 89' lang='lat' dir='ltr'>velut</span> <span class='ocrx_word' id='word_1_141' title='bbox 674 2075 702 2138; x_wconf 89' lang='lat' dir='ltr'>si</span> <span class='ocrx_word' id='word_1_142' title='bbox 730 2074 941 2138; x_wconf 85' lang='lat' dir='ltr'>Eratostheni</span> <span class='ocrx_word' id='word_1_143' title='bbox 970 2070 1123 2157; x_wconf 83' lang='lat' dir='ltr'>Nigidius</span> <span class='ocrx_word' id='word_1_144' title='bbox 1155 2072 1421 2156; x_wconf 77' lang='lat' dir='ltr'>aequipararetur:</span> 
     </span>
     <span class='ocr_line' id='line_1_20' title="bbox 284 2178 1424 2263; baseline -0.004 -19"><span class='ocrx_word' id='word_1_145' title='bbox 284 2183 394 2244; x_wconf 87' lang='lat' dir='ltr'>tamen</span> <span class='ocrx_word' id='word_1_146' title='bbox 417 2180 502 2244; x_wconf 91' lang='lat' dir='ltr'>haud</span> <span class='ocrx_word' id='word_1_147' title='bbox 528 2181 593 2244; x_wconf 89' lang='lat' dir='ltr'>scio</span> <span class='ocrx_word' id='word_1_148' title='bbox 618 2203 661 2243; x_wconf 91' lang='lat' dir='ltr'>an</span> <span class='ocrx_word' id='word_1_149' title='bbox 684 2181 725 2244; x_wconf 89' lang='lat' dir='ltr'>ab</span> <span class='ocrx_word' id='word_1_150' title='bbox 750 2201 786 2244; x_wconf 91' lang='lat' dir='ltr'>eo</span> <span class='ocrx_word' id='word_1_151' title='bbox 811 2200 929 2263; x_wconf 87' lang='lat' dir='ltr'>genere</span> <span class='ocrx_word' id='word_1_152' title='bbox 952 2178 1058 2243; x_wconf 86' lang='lat' dir='ltr'>Varro</span> <span class='ocrx_word' id='word_1_153' title='bbox 1083 2200 1217 2242; x_wconf 84' lang='lat' dir='ltr'>exorsus</span> <span class='ocrx_word' id='word_1_154' title='bbox 1241 2179 1295 2262; x_wconf 85' lang='lat' dir='ltr'>sit,</span> <span class='ocrx_word' id='word_1_155' title='bbox 1316 2201 1334 2242; x_wconf 89' lang='lat' dir='ltr'>a</span> <span class='ocrx_word' id='word_1_156' title='bbox 1352 2196 1424 2261; x_wconf 80' lang='lat' dir='ltr'>quo,</span> 
     </span>
     <span class='ocr_line' id='line_1_21' title="bbox 287 2282 1425 2372; baseline -0.004 -22"><span class='ocrx_word' id='word_1_157' title='bbox 287 2291 448 2372; x_wconf 85' lang='lat' dir='ltr'>quotquot</span> <span class='ocrx_word' id='word_1_158' title='bbox 470 2286 601 2350; x_wconf 86' lang='lat' dir='ltr'>fuerunt</span> <span class='ocrx_word' id='word_1_159' title='bbox 624 2287 678 2370; x_wconf 91' lang='lat' dir='ltr'>qui</span> <span class='ocrx_word' id='word_1_160' title='bbox 702 2286 735 2350; x_wconf 93' lang='lat' dir='ltr'>in</span> <span class='ocrx_word' id='word_1_161' title='bbox 760 2285 988 2350; x_wconf 88' lang='lat' dir='ltr'>enumerandis</span> <span class='ocrx_word' id='word_1_162' title='bbox 1012 2286 1266 2371; x_wconf 86' lang='lat' dir='ltr'>enarrandisque</span> <span class='ocrx_word' id='word_1_163' title='bbox 1289 2282 1425 2368; x_wconf 87' lang='lat' dir='ltr'>discipli·</span> 
     </span>
     <span class='ocr_line' id='line_1_22' title="bbox 284 2392 1426 2476; baseline -0.001 -21"><span class='ocrx_word' id='word_1_164' title='bbox 284 2395 335 2457; x_wconf 91' lang='lat' dir='ltr'>nis</span> <span class='ocrx_word' id='word_1_165' title='bbox 361 2398 577 2473; x_wconf 87' lang='lat' dir='ltr'>versarentur,</span> <span class='ocrx_word' id='word_1_166' title='bbox 606 2393 735 2457; x_wconf 89' lang='lat' dir='ltr'>initium</span> <span class='ocrx_word' id='word_1_167' title='bbox 760 2396 915 2476; x_wconf 90' lang='lat' dir='ltr'>ceperunt</span> <span class='ocrx_word' id='word_1_168' title='bbox 938 2413 1066 2456; x_wconf 87' lang='lat' dir='ltr'>omnes:</span> <span class='ocrx_word' id='word_1_169' title='bbox 1095 2392 1182 2476; x_wconf 90' lang='lat' dir='ltr'>quod</span> <span class='ocrx_word' id='word_1_170' title='bbox 1206 2393 1332 2476; x_wconf 90' lang='lat' dir='ltr'>quidem</span> <span class='ocrx_word' id='word_1_171' title='bbox 1351 2412 1426 2455; x_wconf 65' lang='lat' dir='ltr'>con⁶</span> 
     </span>
     <span class='ocr_line' id='line_1_23' title="bbox 287 2490 1426 2584; baseline -0.004 -22"><span class='ocrx_word' id='word_1_172' title='bbox 287 2501 408 2562; x_wconf 88' lang='lat' dir='ltr'>tinetnr</span> <span class='ocrx_word' id='word_1_173' title='bbox 440 2500 662 2584; x_wconf 88' lang='lat' dir='ltr'>grammatica.</span> <span class='ocrx_word' id='word_1_174' title='bbox 708 2499 768 2581; x_wconf 86' lang='lat' dir='ltr'>Vt,</span> <span class='ocrx_word' id='word_1_175' title='bbox 805 2501 868 2564; x_wconf 88' lang='lat' dir='ltr'>nisi</span> <span class='ocrx_word' id='word_1_176' title='bbox 905 2500 991 2564; x_wconf 88' lang='lat' dir='ltr'>fallit</span> <span class='ocrx_word' id='word_1_177' title='bbox 1026 2500 1168 2580; x_wconf 89' lang='lat' dir='ltr'>animus,</span> <span class='ocrx_word' id='word_1_178' title='bbox 1205 2499 1320 2564; x_wconf 89' lang='lat' dir='ltr'>decimi</span> <span class='ocrx_word' id='word_1_179' title='bbox 1351 2490 1426 2561; x_wconf 88' lang='lat' dir='ltr'>libri</span> 
     </span>
     <span class='ocr_line' id='line_1_24' title="bbox 285 2595 1426 2690; baseline -0.004 -21"><span class='ocrx_word' id='word_1_180' title='bbox 285 2607 444 2689; x_wconf 87' lang='lat' dir='ltr'>imagines</span> <span class='ocrx_word' id='word_1_181' title='bbox 468 2606 660 2689; x_wconf 87' lang='lat' dir='ltr'>praeoedere</span> <span class='ocrx_word' id='word_1_182' title='bbox 679 2607 713 2670; x_wconf 91' lang='lat' dir='ltr'>in</span> <span class='ocrx_word' id='word_1_183' title='bbox 737 2606 842 2690; x_wconf 89' lang='lat' dir='ltr'>primo</span> <span class='ocrx_word' id='word_1_184' title='bbox 861 2605 1072 2669; x_wconf 90' lang='lat' dir='ltr'>Aristarchus</span> <span class='ocrx_word' id='word_1_185' title='bbox 1096 2607 1251 2690; x_wconf 87' lang='lat' dir='ltr'>potuerit,</span> <span class='ocrx_word' id='word_1_186' title='bbox 1273 2595 1426 2671; x_wconf 82' lang='lat' dir='ltr'>undecimi</span> 
     </span>
     <span class='ocr_line' id='line_1_25' title="bbox 286 2707 1427 2795; baseline -0.005 -19"><span class='ocrx_word' id='word_1_187' title='bbox 286 2717 403 2795; x_wconf 85' lang='lat' dir='ltr'>autern,</span> <span class='ocrx_word' id='word_1_188' title='bbox 428 2710 581 2795; x_wconf 88' lang='lat' dir='ltr'>quoniam</span> <span class='ocrx_word' id='word_1_189' title='bbox 605 2732 670 2774; x_wconf 91' lang='lat' dir='ltr'>non</span> <span class='ocrx_word' id='word_1_190' title='bbox 694 2712 840 2793; x_wconf 86' lang='lat' dir='ltr'>profecto</span> <span class='ocrx_word' id='word_1_191' title='bbox 867 2710 973 2775; x_wconf 90' lang='lat' dir='ltr'>Varro</span> <span class='ocrx_word' id='word_1_192' title='bbox 997 2712 1066 2793; x_wconf 89' lang='lat' dir='ltr'>ipse</span> <span class='ocrx_word' id='word_1_193' title='bbox 1090 2712 1209 2795; x_wconf 91' lang='lat' dir='ltr'>potuit,</span> <span class='ocrx_word' id='word_1_194' title='bbox 1232 2716 1271 2775; x_wconf 92' lang='lat' dir='ltr'>ut</span> <span class='ocrx_word' id='word_1_195' title='bbox 1287 2707 1427 2792; x_wconf 85' lang='lat' dir='ltr'>exemplo</span> 
     </span>
     <span class='ocr_line' id='line_1_26' title="bbox 287 2816 1430 2902; baseline -0.007 -21"><span class='ocrx_word' id='word_1_196' title='bbox 287 2824 414 2881; x_wconf 88' lang='lat' dir='ltr'>utamur</span> <span class='ocrx_word' id='word_1_197' title='bbox 453 2819 484 2881; x_wconf 91' lang='lat' dir='ltr'>in</span> <span class='ocrx_word' id='word_1_198' title='bbox 520 2840 552 2880; x_wconf 86' lang='lat' dir='ltr'>rc</span> <span class='ocrx_word' id='word_1_199' title='bbox 587 2819 700 2899; x_wconf 77' lang='lat' dir='ltr'>sirapte</span> <span class='ocrx_word' id='word_1_200' title='bbox 732 2822 848 2879; x_wconf 90' lang='lat' dir='ltr'>natura</span> <span class='ocrx_word' id='word_1_201' title='bbox 886 2838 1019 2898; x_wconf 87' lang='lat' dir='ltr'>prorsus</span> <span class='ocrx_word' id='word_1_202' title='bbox 1056 2816 1208 2899; x_wconf 87' lang='lat' dir='ltr'>ancipiti,</span> <span class='ocrx_word' id='word_1_203' title='bbox 1244 2820 1430 2902; x_wconf 85' lang='lat' dir='ltr'>praeceptor</span> 
     </span>
     <span class='ocr_line' id='line_1_27' title="bbox 286 2910 1427 3003; baseline -0.004 -19"><span class='ocrx_word' id='word_1_204' title='bbox 286 2921 444 2984; x_wconf 85' lang='lat' dir='ltr'>Varronis</span> <span class='ocrx_word' id='word_1_205' title='bbox 473 2921 585 2988; x_wconf 87' lang='lat' dir='ltr'>Aelius</span> <span class='ocrx_word' id='word_1_206' title='bbox 616 2921 699 2986; x_wconf 84' lang='lat' dir='ltr'>Stilo</span> <span class='ocrx_word' id='word_1_207' title='bbox 729 2921 957 2986; x_wconf 87' lang='lat' dir='ltr'>Praeconinus.</span> <span class='ocrx_word' id='word_1_208' title='bbox 999 2921 1173 2983; x_wconf 89' lang='lat' dir='ltr'>Praeterea</span> <span class='ocrx_word' id='word_1_209' title='bbox 1201 2921 1278 3003; x_wconf 89' lang='lat' dir='ltr'>quid</span> <span class='ocrx_word' id='word_1_210' title='bbox 1304 2910 1427 2989; x_wconf 83' lang='lat' dir='ltr'>consilii</span> 
     </span>
     <span class='ocr_line' id='line_1_28' title="bbox 288 3022 1427 3111; baseline -0.006 -21"><span class='ocrx_word' id='word_1_211' title='bbox 288 3050 421 3111; x_wconf 86' lang='lat' dir='ltr'>quemve</span> <span class='ocrx_word' id='word_1_212' title='bbox 446 3027 603 3090; x_wconf 85' lang='lat' dir='ltr'>delectum</span> <span class='ocrx_word' id='word_1_213' title='bbox 628 3029 662 3092; x_wconf 93' lang='lat' dir='ltr'>in</span> <span class='ocrx_word' id='word_1_214' title='bbox 686 3029 737 3092; x_wconf 90' lang='lat' dir='ltr'>his</span> <span class='ocrx_word' id='word_1_215' title='bbox 762 3027 969 3111; x_wconf 88' lang='lat' dir='ltr'>potissimum</span> <span class='ocrx_word' id='word_1_216' title='bbox 992 3026 1086 3089; x_wconf 91' lang='lat' dir='ltr'>libris</span> <span class='ocrx_word' id='word_1_217' title='bbox 1107 3024 1214 3090; x_wconf 86' lang='lat' dir='ltr'>Varro</span> <span class='ocrx_word' id='word_1_218' title='bbox 1233 3032 1354 3091; x_wconf 88' lang='lat' dir='ltr'>secutus</span> <span class='ocrx_word' id='word_1_219' title='bbox 1375 3022 1427 3097; x_wconf 88' lang='lat' dir='ltr'>sit,</span> 
     </span>
     <span class='ocr_line' id='line_1_29' title="bbox 286 3133 1024 3199; baseline -0.004 -1"><span class='ocrx_word' id='word_1_220' title='bbox 286 3136 457 3199; x_wconf 89' lang='lat' dir='ltr'>obscurum</span> <span class='ocrx_word' id='word_1_221' title='bbox 481 3139 531 3197; x_wconf 90' lang='lat' dir='ltr'>est</span> <span class='ocrx_word' id='word_1_222' title='bbox 554 3135 644 3198; x_wconf 86' lang='lat' dir='ltr'>iuxta</span> <span class='ocrx_word' id='word_1_223' title='bbox 667 3157 737 3199; x_wconf 91' lang='lat' dir='ltr'>eum</span> <span class='ocrx_word' id='word_1_224' title='bbox 765 3133 1024 3198; x_wconf 86' lang='lat' dir='ltr'>obscurissumis.</span> 
     </span>
    </p>

    <p class='ocr_par' dir='ltr' id='par_1_5' title="bbox 285 3236 1423 4279">
     <span class='ocr_line' id='line_1_30' title="bbox 373 3236 1423 3323; baseline -0.006 -18"><span class='ocrx_word' id='word_1_225' title='bbox 373 3242 490 3305; x_wconf 86' lang='lat' dir='ltr'>ltestat</span> <span class='ocrx_word' id='word_1_226' title='bbox 517 3247 627 3305; x_wconf 85' lang='lat' dir='ltr'>sexta</span> <span class='ocrx_word' id='word_1_227' title='bbox 650 3242 763 3304; x_wconf 70' lang='lat' dir='ltr'>(elassis</span> <span class='ocrx_word' id='word_1_228' title='bbox 787 3241 913 3304; x_wconf 90' lang='lat' dir='ltr'>artibus</span> <span class='ocrx_word' id='word_1_229' title='bbox 943 3237 1114 3303; x_wconf 85' lang='lat' dir='ltr'>destinata.</span> <span class='ocrx_word' id='word_1_230' title='bbox 1152 3236 1181 3300; x_wconf 84' lang='lat' dir='ltr'><strong>E</strong></span> <span class='ocrx_word' id='word_1_231' title='bbox 1206 3262 1270 3323; x_wconf 90' lang='lat' dir='ltr'>qua</span> <span class='ocrx_word' id='word_1_232' title='bbox 1298 3239 1423 3322; x_wconf 80' lang='lat' dir='ltr'>primum</span> 
     </span>
     <span class='ocr_line' id='line_1_31' title="bbox 285 3338 1421 3426; baseline -0.005 -15"><span class='ocrx_word' id='word_1_233' title='bbox 285 3349 433 3413; x_wconf 86' lang='lat' dir='ltr'>novimus</span> <span class='ocrx_word' id='word_1_234' title='bbox 463 3348 693 3412; x_wconf 88' lang='lat' dir='ltr'>statuariornm</span> <span class='ocrx_word' id='word_1_235' title='bbox 726 3370 791 3411; x_wconf 90' lang='lat' dir='ltr'>non</span> <span class='ocrx_word' id='word_1_236' title='bbox 819 3369 932 3426; x_wconf 89' lang='lat' dir='ltr'>unam,</span> <span class='ocrx_word' id='word_1_237' title='bbox 960 3344 1015 3408; x_wconf 87' lang='lat' dir='ltr'>sed</span> <span class='ocrx_word' id='word_1_238' title='bbox 1044 3344 1124 3409; x_wconf 88' lang='lat' dir='ltr'>duas</span> <span class='ocrx_word' id='word_1_239' title='bbox 1149 3344 1363 3410; x_wconf 88' lang='lat' dir='ltr'>hebdomadas</span> <span class='ocrx_word' id='word_1_240' title='bbox 1384 3338 1421 3405; x_wconf 84' lang='lat' dir='ltr'>ab</span> 
     </span>
     <span class='ocr_line' id='line_1_32' title="bbox 286 3446 1417 3536; baseline -0.006 -21"><span class='ocrx_word' id='word_1_241' title='bbox 286 3453 446 3516; x_wconf 75' lang='lat' dir='ltr'>Hunumo</span> <span class='ocrx_word' id='word_1_242' title='bbox 478 3452 636 3517; x_wconf 76' lang='lat' dir='ltr'>annnio</span> <span class='ocrx_word' id='word_1_243' title='bbox 666 3459 779 3518; x_wconf 87' lang='lat' dir='ltr'>nostro</span> <span class='ocrx_word' id='word_1_244' title='bbox 810 3452 1025 3536; x_wconf 86' lang='lat' dir='ltr'>probabiliter</span> <span class='ocrx_word' id='word_1_245' title='bbox 1059 3453 1278 3535; x_wconf 85' lang='lat' dir='ltr'>investigatas</span> <span class='ocrx_word' id='word_1_246' title='bbox 1310 3453 1342 3515; x_wconf 90' lang='lat' dir='ltr'>in</span> <span class='ocrx_word' id='word_1_247' title='bbox 1366 3446 1417 3512; x_wconf 86' lang='lat' dir='ltr'>Pli-</span> 
     </span>
     <span class='ocr_line' id='line_1_33' title="bbox 287 3550 1416 3640; baseline -0.005 -18"><span class='ocrx_word' id='word_1_248' title='bbox 287 3559 392 3622; x_wconf 88' lang='lat' dir='ltr'>nianis</span> <span class='ocrx_word' id='word_1_249' title='bbox 413 3561 665 3625; x_wconf 85' lang='lat' dir='ltr'>commentariis:</span> <span class='ocrx_word' id='word_1_250' title='bbox 693 3562 905 3625; x_wconf 86' lang='lat' dir='ltr'>vetustiorum</span> <span class='ocrx_word' id='word_1_251' title='bbox 925 3561 1071 3638; x_wconf 87' lang='lat' dir='ltr'>alteram,</span> <span class='ocrx_word' id='word_1_252' title='bbox 1090 3559 1128 3621; x_wconf 91' lang='lat' dir='ltr'>de</span> <span class='ocrx_word' id='word_1_253' title='bbox 1148 3580 1213 3640; x_wconf 91' lang='lat' dir='ltr'>qua</span> <span class='ocrx_word' id='word_1_254' title='bbox 1231 3558 1341 3640; x_wconf 89' lang='lat' dir='ltr'>paullo</span> <span class='ocrx_word' id='word_1_255' title='bbox 1357 3550 1416 3637; x_wconf 81' lang='lat' dir='ltr'>poal</span> 
     </span>
     <span class='ocr_line' id='line_1_34' title="bbox 287 3662 1412 3748; baseline -0.004 -23"><span class='ocrx_word' id='word_1_256' title='bbox 287 3665 418 3744; x_wconf 85' lang='lat' dir='ltr'>dicetur,</span> <span class='ocrx_word' id='word_1_257' title='bbox 442 3664 577 3727; x_wconf 89' lang='lat' dir='ltr'>alteram</span> <span class='ocrx_word' id='word_1_258' title='bbox 597 3667 683 3730; x_wconf 89' lang='lat' dir='ltr'>cirea</span> <span class='ocrx_word' id='word_1_259' title='bbox 703 3672 849 3748; x_wconf 87' lang='lat' dir='ltr'>tempora</span> <span class='ocrx_word' id='word_1_260' title='bbox 869 3668 1070 3748; x_wconf 78' lang='lat' dir='ltr'>expugnatae</span> <span class='ocrx_word' id='word_1_261' title='bbox 1091 3662 1246 3728; x_wconf 83' lang='lat' dir='ltr'>Corinthi</span> <span class='ocrx_word' id='word_1_262' title='bbox 1265 3665 1412 3729; x_wconf 85' lang='lat' dir='ltr'>clarorum:</span> 
     </span>
     <span class='ocr_line' id='line_1_35' title="bbox 288 3764 1410 3856; baseline -0.009 -22"><span class='ocrx_word' id='word_1_263' title='bbox 288 3771 441 3853; x_wconf 88' lang='lat' dir='ltr'>Antaei,</span> <span class='ocrx_word' id='word_1_264' title='bbox 475 3769 715 3853; x_wconf 86' lang='lat' dir='ltr'>Callistrati,</span> <span class='ocrx_word' id='word_1_265' title='bbox 747 3772 933 3856; x_wconf 87' lang='lat' dir='ltr'>Polyclis,</span> <span class='ocrx_word' id='word_1_266' title='bbox 970 3766 1184 3850; x_wconf 78' lang='lat' dir='ltr'>Oallireni,</span> <span class='ocrx_word' id='word_1_267' title='bbox 1221 3764 1410 3854; x_wconf 86' lang='lat' dir='ltr'>Pythoclis,</span> 
     </span>
     <span class='ocr_line' id='line_1_36' title="bbox 289 3873 1409 3960; baseline -0.008 -19"><span class='ocrx_word' id='word_1_268' title='bbox 289 3877 469 3960; x_wconf 79' lang='lat' dir='ltr'>Pythiae,</span> <span class='ocrx_word' id='word_1_269' title='bbox 493 3877 688 3942; x_wconf 89' lang='lat' dir='ltr'>Timoclis.</span> <span class='ocrx_word' id='word_1_270' title='bbox 731 3879 854 3954; x_wconf 80' lang='lat' dir='ltr'>Quibus</span> <span class='ocrx_word' id='word_1_271' title='bbox 878 3878 957 3940; x_wconf 88' lang='lat' dir='ltr'>item</span> <span class='ocrx_word' id='word_1_272' title='bbox 981 3875 1061 3939; x_wconf 89' lang='lat' dir='ltr'>duas</span> <span class='ocrx_word' id='word_1_273' title='bbox 1085 3873 1305 3940; x_wconf 87' lang='lat' dir='ltr'>hebdomadas</span> <span class='ocrx_word' id='word_1_274' title='bbox 1331 3873 1409 3958; x_wconf 79' lang='lat' dir='ltr'>picto</span> 
     </span>
     <span class='ocr_line' id='line_1_37' title="bbox 287 3970 1407 4065; baseline 0 -19"><span class='ocrx_word' id='word_1_275' title='bbox 287 4005 358 4046; x_wconf 91' lang='lat' dir='ltr'>rum</span> <span class='ocrx_word' id='word_1_276' title='bbox 378 3981 574 4046; x_wconf 83' lang='lat' dir='ltr'>blereklinus</span> <span class='ocrx_word' id='word_1_277' title='bbox 599 4006 629 4065; x_wconf 89' lang='lat' dir='ltr'>p.</span> <span class='ocrx_word' id='word_1_278' title='bbox 648 3985 687 4047; x_wconf 88' lang='grc'>10</span> <span class='ocrx_word' id='word_1_279' title='bbox 709 3985 800 4063; x_wconf 72' lang='grc'>[538]</span> <span class='ocrx_word' id='word_1_280' title='bbox 826 3983 956 4063; x_wconf 89' lang='lat' dir='ltr'>addidit,</span> <span class='ocrx_word' id='word_1_281' title='bbox 980 3982 1117 4045; x_wconf 87' lang='lat' dir='ltr'>alteram</span> <span class='ocrx_word' id='word_1_282' title='bbox 1134 3980 1310 4045; x_wconf 85' lang='lat' dir='ltr'>Alexandri</span> <span class='ocrx_word' id='word_1_283' title='bbox 1323 3970 1407 4060; x_wconf 66' lang='lat' dir='ltr'>Magni</span> 
     </span>
     <span class='ocr_line' id='line_1_38' title="bbox 288 4076 1407 4172; baseline 0.001 -20"><span class='ocrx_word' id='word_1_284' title='bbox 288 4088 388 4152; x_wconf 87' lang='lat' dir='ltr'>aetati</span> <span class='ocrx_word' id='word_1_285' title='bbox 418 4110 594 4170; x_wconf 85' lang='lat' dir='ltr'>supparum</span> <span class='ocrx_word' id='word_1_286' title='bbox 625 4111 704 4172; x_wconf 90' lang='lat' dir='ltr'>qnos</span> <span class='ocrx_word' id='word_1_287' title='bbox 737 4089 898 4152; x_wconf 87' lang='lat' dir='ltr'>communi</span> <span class='ocrx_word' id='word_1_288' title='bbox 922 4089 1078 4151; x_wconf 89' lang='lat' dir='ltr'>memoria</span> <span class='ocrx_word' id='word_1_289' title='bbox 1102 4087 1338 4162; x_wconf 84' lang='lat' dir='ltr'>Quinctilianus</span> <span class='ocrx_word' id='word_1_290' title='bbox 1356 4076 1407 4153; x_wconf 65' lang='grc' dir='ltr'>ΧΠ,</span> 
     </span>
     <span class='ocr_line' id='line_1_39' title="bbox 292 4184 1407 4279; baseline -0.008 -20"><span class='ocrx_word' id='word_1_291' title='bbox 292 4197 344 4279; x_wconf 82' lang='grc'>10,</span> <span class='ocrx_word' id='word_1_292' title='bbox 368 4196 387 4257; x_wconf 80' lang='lat' dir='ltr'>b</span> <span class='ocrx_word' id='word_1_293' title='bbox 413 4192 670 4274; x_wconf 87' lang='lat' dir='ltr'>comprehendit:</span> <span class='ocrx_word' id='word_1_294' title='bbox 703 4194 950 4279; x_wconf 83' lang='lat' dir='ltr'>Protogenis,</span> <span class='ocrx_word' id='word_1_295' title='bbox 978 4192 1192 4277; x_wconf 88' lang='lat' dir='ltr'>Pamphili,</span> <span class='ocrx_word' id='word_1_296' title='bbox 1215 4184 1407 4261; x_wconf 67' lang='lat' dir='ltr'>Melantioi,</span> 
     </span>
    </p>
   </div>
   <div class='ocr_carea' id='block_1_5' title="bbox 0 0 1493 5018">
    <p class='ocr_par' dir='ltr' id='par_1_6' title="bbox 0 0 1493 5018">
     <span class='ocr_line' id='line_1_40' title="bbox 0 0 1493 5018; baseline 0 0"><span class='ocrx_word' id='word_1_297' title='bbox 0 0 1493 5018; x_wconf 95' lang='lat' dir='ltr'> </span> 
     </span>
    </p>
   </div>
  </div>
 </body>
</html>
