2932 5026
148 305 214 371 594
349 320 633 380 amuornosvu
657 321 957 372 cnrvnumnnuvu
979 320 1096 372 sams.

148 465 227 532 Silv.
254 466 311 551 IV,
332 469 369 551 7,
396 468 436 532 14
467 470 522 533 cci
552 468 628 533 Dite
653 471 717 533 eise
744 469 885 550 pallidus
914 467 1016 547 fossor
1046 468 1129 531 redit
1154 472 1284 550 eamque

146 574 283 638 concolor
300 595 388 653 aare,
411 574 461 640 vel
482 576 675 659 quicumque
694 576 780 639 inter
798 573 940 639 Graecos
964 576 1096 653 χλωρὸν
1115 574 1168 640 vel
1186 575 1285 655 ὠχρὸν

148 681 276 759 χρυςίον
291 703 363 746 oum
382 683 515 765 pavoris
529 683 663 747 notione
678 683 852 766 sociarunt,
870 682 1115 747 commemorati
1130 680 1285 746 Hemster

146 786 232 850 husii
255 787 295 865 ‚iu
318 787 496 852 Luciauum
521 789 730 853 adnotatione
755 790 818 854 vol.
841 788 857 853 I
881 812 911 873 p.
934 789 1000 853 503
1019 811 1067 873 sq.
1091 810 1191 872 quam
1212 788 1286 853 Bur-

146 916 282 958 mannus
304 894 470 959 iudicavit.
503 894 594 959 Vnde
613 899 866 961 consentaneum
890 900 941 961 est
959 900 1016 959 aut
1034 917 1151 959 aurum
1171 896 1285 979 simpli·

146 1001 226 1064 citer
250 1005 307 1065 aut
334 1000 442 1081 ὠχρὸν
466 1002 516 1065 vel
542 1004 670 1081 χλωρὸν
694 1000 861 1066 Catullum
891 1023 1017 1087 quoque
1041 1001 1172 1067 dixisse.
1208 1002 1284 1079 Quid

146 1107 271 1171 mulla?
303 1108 466 1191 subrepsit
498 1107 658 1172 familiare
691 1108 834 1172 librariis
868 1108 1061 1172 vocabulum
1093 1109 1128 1172 in
1161 1109 1285 1173 rarioris

145 1214 252 1278 locum
281 1213 366 1297 quod
394 1213 456 1278 fuit
483 1213 645 1278 lulvore.
686 1212 771 1278 Nam
796 1216 829 1277 et
853 1213 1114 1293 salvamterram
1142 1219 1194 1278 est
1216 1212 1286 1277 Ver·

146 1319 226 1403 gilio
251 1319 329 1384 Aen.
354 1318 430 1401 Vll,
455 1321 519 1384 279
544 1325 577 1384 et
599 1321 753 1385 subtemen
773 1320 896 1400 fultam
919 1341 978 1402 pro
1002 1341 1101 1385 aureo
1122 1316 1207 1383 Silio
1221 1319 1288 1402 Vll,

145 1426 201 1490 80:
235 1448 297 1510 quo
326 1424 475 1490 adderem
503 1425 714 1491 Prudentium
743 1431 857 1492 contre
884 1425 1004 1510 Symm.
1032 1424 1080 1509 II,
1110 1426 1176 1492 837
1208 1429 1287 1509 repra

140 1539 292 1615 pemmoto
333 1534 493 1615 laquearia
531 1534 621 1614 ser-lea
657 1533 792 1610 metelle,
833 1533 897 1597 nisi
936 1532 1024 1598 hune
1061 1533 1148 1614 sulla
1183 1534 1285 1616 potius

144 1640 311 1723 scripsisse
340 1640 549 1723 persuaderet
576 1638 690 1723 Statii,
720 1639 856 1721 Avieni,
886 1637 1056 1703 Claudiani
1079 1640 1281 1723 comparatio,

144 1768 281 1831 quorum
314 1769 426 1811 versus
459 1747 544 1812 inter
577 1768 611 1810 se
643 1747 879 1812 contenderunt
909 1744 1095 1810 Gronovius
1123 1744 1227 1811 Diatr.
1256 1748 1279 1811 ir

145 1850 226 1916 Stat.
254 1874 322 1936 cap.
346 1853 390 1917 55
417 1876 447 1937 p.
470 1853 535 1918 357
555 1876 601 1938 sq.
631 1857 664 1918 et
691 1852 888 1918 Schraderus
916 1852 1000 1936 apud
1030 1852 1277 1918 Wernsdorfiun

143 1957 234 2023 Poet.
256 1959 313 2023 lat.
332 1961 408 2024 min.
428 1959 490 2024 vol.
509 1959 550 2042 V,
570 1960 590 2022 2
613 1983 644 2043 p.
663 1961 728 2025 976
748 1983 794 2044 sq.
833 1961 886 2043 At,
909 1959 1025 2044 inquit,
1046 1959 1153 2039 faleor
1175 1982 1277 2026 nomeu

142 2064 246 2128 lexica
264 2065 426 2149 ignorant.
453 2064 574 2130 Verum
594 2067 776 2132 enimvero
795 2071 939 2131 veterum
958 2063 1065 2130 nullus
1087 2068 1277 2151 scriptorum,

142 2174 179 2234 ut
207 2171 335 2254 quidem
363 2194 448 2236 nunc
476 2194 527 2236 res
555 2175 619 2256 est,
651 2194 802 2239 remoram
833 2173 916 2238 dixit
947 2176 1078 2255 praeter
1106 2171 1277 2254 Pacuvium,

142 2277 250 2341 nullus
277 2278 434 2360 piprorem
468 2284 598 2362 praeter
627 2279 801 2362 Lucilium,
833 2280 941 2344 nullus
973 2299 1133 2361 oeprorem
1164 2286 1278 2363 praeter

142 2383 342 2468 Lucretium,
369 2387 524 2468 merorem
546 2386 655 2451 nullus
683 2391 813 2470 praeter
839 2387 899 2451 hos
922 2391 988 2450 tres
1011 2389 1045 2449 et
1074 2386 1278 2469 paucissimos

143 2483 386 2556 alios:'similia
408 2515 449 2557 ue
472 2514 557 2557 nuno
581 2493 787 2558 ambitiosius
806 2493 1025 2577 anquiramus.
1061 2492 1188 2568 Quodsi
1210 2492 1277 2557 hace

143 2600 262 2663 existat
289 2600 343 2684 qu'i
372 2621 389 2662 e
418 2601 565 2684 cognatis
595 2600 702 2664 verbis
730 2606 859 2684 repetat
885 2621 1002 2664 rrrueere
1023 2602 1149 2682 piprere
1171 2619 1279 2682 aeyrm

141 2707 273 2787 affere,
305 2710 341 2770 ut
370 2729 386 2769 e
414 2707 514 2771 dolere
539 2727 673 2772 rnoerere
703 2708 847 2789 torpuere
874 2710 989 2788 torpere
1017 2707 1136 2786 pallere
1163 2706 1279 2770 caradoc

141 2813 237 2875 altere
267 2813 421 2892 splendere
451 2834 554 2877 temere
580 2815 708 2877 stridere
740 2819 853 2877 terruere
883 2813 990 2878 verbis
1028 2834 1068 2876 ea
1101 2835 1186 2896 quae
1213 2816 1280 2876 sunt

140 2919 226 2982 dolor
248 2939 370 2983 maeror
392 2920 523 3001 lonpaor
546 2924 650 3000 torpor
666 2920 773 3001 pallor
790 2921 906 2984 condor
927 2921 1011 2983 rei-tor
1033 2920 1180 3000 splendor
1201 2941 1281 2984 remor

140 3024 255 3088 stridor
277 3029 386 3101 terreor,
411 3024 516 3089 simile
536 3028 645 3088 autem
666 3026 782 3106 ferlvere
799 3026 932 3090 verbum
955 3025 1131 3090 desideret:
1156 3048 1280 3111 respou-

140 3130 280 3195 dendum
300 3131 362 3194 erit
379 3154 444 3198 non
464 3133 570 3216 magis
594 3155 633 3197 ex
657 3132 708 3196 his
732 3134 839 3197 verbis
863 3133 996 3197 nomina
1020 3154 1118 3217 quam
1145 3156 1162 3198 e
1186 3133 1281 3198 uomi-

139 3237 235 3301 uibus
263 3238 363 3302 verba
392 3237 496 3318 nasci,
529 3237 585 3303 sed
614 3260 631 3302 e
659 3239 821 3303 communi
850 3239 950 3321 stirpe
978 3242 1131 3322 utraque,
1164 3239 1282 3322 reliqua

140 3345 249 3410 omuia
271 3344 355 3410 forte
379 3348 412 3408 et
435 3343 596 3409 arbitratu
626 3345 757 3429 linguae
780 3346 863 3430 regi:
891 3368 950 3410 nee
978 3344 1085 3428 magis
1112 3365 1281 3410 arro-rorem

139 3451 289 3517 Lucretio
309 3456 439 3518 auctore
459 3455 645 3535 susceptum
666 3474 685 3515 a
703 3451 850 3536 Vergilio
870 3473 967 3535 quam
991 3451 1126 3515 lodorerrr
1144 3451 1281 3516 hermem

139 3558 259 3621 odorem
287 3558 327 3621 ad
356 3559 489 3623 verbum
518 3558 620 3622 ullum
648 3557 774 3621 referri:
808 3581 904 3642 porro
932 3580 998 3623 uon
1026 3557 1203 3642 secundae,
1230 3557 1281 3622 sed

139 3663 189 3725 vol
218 3664 342 3747 primae
366 3663 415 3727 vel
439 3664 555 3728 tertiae
584 3664 810 3729 declinationis
834 3665 933 3730 verba
955 3686 1026 3729 esse
1049 3685 1160 3729 amare
1181 3686 1282 3729 cenem

136 3770 240 3849 furere
257 3770 406 3852 plonpere
428 3771 592 3835 dulcescere
612 3771 788 3854 srapeseera
812 3770 1088 3855 quibus'cognata
1107 3773 1177 3835 sint
1197 3793 1282 3836 emo

138 3897 232 3941 eonor
257 3875 349 3956 ferror
371 3877 506 3959 plarrpor
533 3878 639 3942 dulcor
662 3883 695 3943 et
718 3878 813 3942 unius
838 3877 984 3960 exemplo
1008 3876 1152 3942 Lucretii
1176 3879 1282 3964 cogni·

138 3987 208 4046 tum
233 3982 354 4065 frupor:
387 3988 551 4068 postremo
578 4007 645 4050 uon
673 3987 779 4051 miuus
807 3986 913 4051 dulcor
939 3984 1042 4050 videri
1072 4007 1171 4069 quam
1199 3987 1282 4051 aldor

138 4091 178 4154 ad
202 4090 399 4173 posteriores
423 4092 599 4174 scriptores
623 4115 640 4154 e
664 4093 842 4157 vetustiore
872 4091 1034 4155 latinitate
1059 4115 1210 4158 manasse
1237 4098 1280 4158 ta·

137 4197 216 4260 lium
244 4195 421 4261 formarum
449 4198 684 4263 amantissima.
709 4236 748 4244 —
778 4197 870 4263 Nihil
898 4198 1000 4283 igitur
1027 4198 1067 4262 de
1095 4196 1282 4265 Catulliauo

137 4324 231 4367 versu
260 4303 325 4366 iam
348 4308 474 4368 restare
501 4305 716 4370 dubitationis
741 4305 867 4369 videtur
890 4304 952 4369 uisi
982 4310 1018 4368 ut
1045 4305 1086 4370 ab
1115 4305 1212 4371 initio
1235 4329 1282 4371 ra·

136 4409 258 4474 tionem
272 4408 392 4474 habere
406 4417 521 4490 precato
539 4411 733 4494 particulam
748 4433 913 4496 negemus.
936 4409 1040 4486 Quam
1055 4434 1121 4477 nou
1136 4434 1285 4479 veremur
