2932 5026
406 346 484 394 swa
507 346 753 393 HEBDOMADVM
778 346 881 392 LIBRI.
1149 328 1213 392 541

72 490 152 555 satis
184 491 291 557 valere
323 510 494 574 negamus,
531 494 640 553 tamen
677 488 716 553 de
748 488 795 553 rei
827 509 954 552 summa
990 509 1121 570 prorsus
1156 510 1215 551 uos

64 598 284 663 assentientes
317 595 426 660 habet.
475 594 562 661 Nam
594 618 667 659 cum
699 618 737 659 ex
770 617 822 676 eo,
855 595 939 678 quod
972 594 1056 658 idem
1091 592 1215 658 Gellius

58 701 161 787 alibi,
190 725 274 790 quae
297 724 315 767 e
338 701 480 768 secundo
503 724 611 767 rerum
639 702 821 766 divinarum
849 702 934 766 libro
965 702 1111 785 petierit,
1138 702 1216 765 item

54 806 186 875 afferat
208 831 225 874 e
249 808 405 890 secundo,
427 831 493 873 non
517 831 534 872 e
557 810 680 893 primo,
703 808 936 872 consectarium
960 830 1031 872 esse
1054 807 1116 872 hoc
1140 808 1217 891 volt,

54 916 95 976 ut
122 916 186 980 ille
208 937 299 981 more
323 916 488 981 constanti
509 938 526 979 e
545 916 592 980 rei
613 915 749 980 veritate
768 937 955 979 numerasse
979 915 1079 979 libros
1099 914 1217 979 Varro·

49 1019 184 1087 manos
207 1022 375 1088 credatur:
404 1022 593 1106 responderi
621 1025 731 1104 potest·
754 1026 787 1084 et
815 1043 871 1105 per
895 1044 929 1085 se
957 1044 1070 1105 parum
1095 1026 1217 1086 certum

52 1145 133 1191 esse
173 1151 236 1215 quo
269 1129 465 1194 Mercklinus
498 1129 602 1192 utitur
634 1128 829 1212 exemplum,
866 1134 899 1192 ct
932 1129 958 1192 si
994 1128 1044 1192 vel
1077 1130 1217 1193 maxime

53 1239 193 1302 eertum
221 1242 323 1319 esset,
351 1235 431 1300 nihil
460 1235 593 1301 omnino
621 1235 680 1298 tali
700 1222 988 1319 ¹argumentatione
1016 1235 1115 1318 effici,
1145 1257 1218 1299 cum

55 1340 298 1425 neglegentiae
330 1342 381 1406 vel
413 1341 557 1405 incuriae
589 1341 679 1404 notio
710 1361 775 1403 nou
808 1345 977 1403 censeatur
1009 1340 1108 1404 moris
1142 1363 1217 1405 con-

59 1443 205 1532 sanus,
231 1448 288 1512 sed
311 1449 347 1512 in
370 1470 407 1513 eo
431 1449 502 1531 ipso
527 1447 685 1513 consistat
707 1451 744 1511 ut
767 1446 888 1529 aliquid
913 1447 971 1510 liat
993 1453 1121 1529 praeter
1145 1470 1217 1513 uor-
1232 1468 1252 1507 v

63 1564 160 1617 mem
191 1558 223 1619 et
252 1552 526 1618 cousuetudinem.
569 1552 748 1637 Aliquanto
782 1554 913 1636 granica
946 1575 1121 1636 numquam
1154 1575 1220 1617 non

64 1660 229 1725 sensimus
247 1661 330 1727 illud
344 1682 423 1743 esse,
442 1660 527 1744 quod
542 1681 580 1724 eo
600 1661 685 1745 quod
705 1661 850 1743 proxime
873 1658 1036 1741 praecedit
1055 1661 1161 1745 capite
1179 1661 1220 1724 10

63 1755 158 1831 idem
175 1765 297 1831 Gellius
323 1786 361 1829 ex
385 1764 507 1830 eisdem
530 1786 612 1848 quos
636 1764 786 1829 manibus
811 1766 976 1829 tractabat
997 1763 1155 1831 Varronis
1180 1765 1219 1830 de

61 1862 268 1956 imaginibus
296 1870 390 1935 libris
420 1870 581 1956 quaedam
604 1891 777 1953 excerpens
806 1871 915 1954 ipsum
937 1872 1057 1936 librum
1080 1873 1220 1957 primum

57 1978 253 2042 rectissime
273 1999 347 2041 eum
366 1976 493 2041 dixerat
516 1977 571 2060 qui
590 1998 703 2040 revera
726 1977 849 2060 primus
869 1982 953 2041 erat:
977 1985 1013 2041 ut
1037 1984 1104 2042 tam
1128 1979 1220 2044 brevi

52 2074 242 2151 intervallo
266 2083 438 2147 interiecto
458 2104 555 2168 aegre
574 2083 722 2147 videatur
745 2083 824 2148 adeo
848 2083 912 2148 sibi
935 2107 1001 2149 non
1024 2085 1220 2166 constitisse,

51 2187 83 2246 ul
122 2192 279 2273 proximo
303 2190 411 2274 capite
435 2190 514 2254 item
538 2191 679 2273 primum
703 2190 838 2273 librum,
865 2192 919 2275 qui
944 2196 1031 2255 esset
1054 2191 1220 2273 secundus,

48 2287 199 2363 diceret
245 2295 308 2361 Sed
345 2297 576 2382 gravissimum
614 2302 723 2361 tamen
757 2298 902 2361 omnium
939 2298 1000 2361 hoc
1033 2303 1097 2381 est,
1133 2297 1219 2382 quod

49 2402 217 2487 omnino,
248 2408 424 2487 postquam
452 2402 595 2467 Pliniani
628 2403 808 2467 testimonii
839 2404 1030 2486 simpliciter
1063 2405 1220 2487 interpre-

56 2504 174 2572 tana
194 2510 246 2575 via
269 2510 435 2593 patefacta
457 2514 517 2593 est,
539 2510 701 2574 liberioris
725 2510 758 2575 in
778 2508 877 2574 Gellii
902 2511 1008 2574 verbis
1032 2512 1221 2594 interpreta-

50 2605 172 2678 tionis
192 2616 370 2681 necessitas
394 2617 499 2681 omnis
524 2616 664 2679 evanuit.

165 2721 247 2788 Hinc
269 2727 468 2786 autemeam
494 2723 557 2786 alia
581 2728 657 2805 apta
681 2728 756 2787 sunt
779 2729 848 2787 tum
872 2724 933 2788 hoc
953 2725 1158 2807 consequitur
1177 2728 1222 2804 ut,

54 2814 86 2876 ⁸1
123 2822 160 2889 in
179 2829 381 2915 principibus
399 2828 561 2893 Homerus
586 2828 647 2892 fuit
673 2828 756 2893 libro
781 2831 886 2912 primo
911 2829 1108 2913 compositis,
1131 2828 1221 2892 nulla

54 2920 139 2990 lam
162 2938 278 3001 relicta
305 2956 420 2998 caussa
450 2935 494 2997 sit
524 2956 580 2998 cur
604 2934 743 2997 secundo
767 2935 850 2999 libro
874 2941 989 3018 poetae
1013 2935 1220 3018 potissimum

57 3020 186 3107 Graeci
205 3041 404 3107 tribuantur:
426 3040 553 3125 quando
570 3041 676 3122 ipsum
693 3042 830 3122 primum
846 3042 951 3106 locum
967 3043 999 3105 in
1015 3043 1099 3106 libro
1114 3043 1220 3124 primo

56 3124 249 3214 Homerum
273 3168 447 3231 occupasse
471 3170 536 3212 non
560 3147 655 3211 modo
680 3148 746 3211 ullo
767 3153 853 3212 certo
879 3154 1069 3232 argumento
1093 3170 1221 3232 persua·

59 3229 172 3338 detur,
196 3255 251 3320 sed
272 3276 311 3320 ne
330 3254 575 3337 probabilitatis
595 3253 725 3336 quidem
745 3255 824 3316 satis
848 3253 961 3318 habet:
985 3261 1099 3319 contra
1122 3260 1221 3338 atque

61 3332 249 3427 Maurum
274 3362 378 3425 visum
403 3366 452 3423 eu
476 3382 505 3442 p.
530 3360 559 3421 o.
586 3361 635 3421 11.
662 3360 702 3422 ro
728 3360 815 3439 [aaa
839 3360 912 3423 aaa
937 3361 1026 3439 mn.
1069 3361 1160 3435 Quod
1185 3366 1221 3424 11

66 3460 169 3531 quale
187 3469 231 3531 sit
255 3468 379 3550 plenius
403 3466 629 3548 perspiciatur,
653 3465 692 3528 ad
713 3466 850 3528 alteram
870 3467 1070 3548 quaestionis
1094 3472 1221 3549 partem

69 3564 342 3654 progrediendum
367 3577 417 3635 est
445 3593 527 3654 quae
552 3575 601 3634 est
630 3570 668 3634 dc
693 3570 1221 3655 architectoruminimaginibus

72 3650 287 3744 Varronianis
311 3679 393 3742 sede.
435 3677 524 3742 Haec
549 3677 634 3740 enim
659 3700 730 3741 curn
761 3678 901 3742 ‘decimo
926 3678 1091 3742 celebrata
1115 3681 1220 3742 voln-

77 3781 172 3849 tuine
186 3785 308 3850 Marcei
323 3782 513 3848 hebdomas'
529 3783 655 3846 dicatur
670 3785 710 3847 ab
723 3785 868 3849 Ausonio
881 3784 1034 3848 Mosellae
1049 3808 1076 3849 v.
1088 3786 1152 3849 306
1165 3809 1222 3869 sq,

79 3870 115 3954 id
132 3913 187 3957 uos
211 3890 340 3976 quidem
366 3890 405 3954 ad
430 3889 590 3953 decimum
614 3891 653 3954 de
677 3891 874 3975 imaginibus
897 3892 1040 3954 librum
1062 3892 1221 3956 refereba-

81 4003 143 4061 qus
173 3997 301 4062 ratione
334 3999 369 4058 ut
401 3994 597 4077 putabamus
631 3997 774 4059 omnium
807 3997 1058 4077 simplicissima.
1100 3997 1222 4061 Verum

82 4094 167 4188 longe
186 4104 286 4167 aliam
310 4101 612 4184 interpretationem
633 4102 768 4166 Ausonii
788 4101 886 4165 verba
905 4101 1077 4166 admittere
1097 4103 1220 4168 Merck-

80 4201 156 4273 linus
185 4209 256 4291 p.8
281 4208 375 4288 [536]
401 4206 522 4291 arguit:
555 4228 620 4269 non
650 4211 686 4270 nt
714 4208 797 4272 liber
824 4207 979 4291 decimus,
1013 4209 1067 4272 scd
1096 4210 1222 4274 decima

79 4313 280 4380 hebdomas
305 4313 513 4398 significetur,
534 4313 661 4396 quando
681 4313 828 4397 singulae
848 4314 1065 4380 hebdomades
1085 4317 1220 4380 totidem

77 4419 293 4487 voluminibus
318 4424 351 4483 ct
374 4419 615 4484 continerentur
639 4425 672 4483 et
694 4426 949 4485 numerarentur.
987 4422 1057 4498 Qua
1080 4422 1222 4485 admissa

954 4526 1008 4579 ss*
