2956 5018
467 339 744 387 urscrrnnrnuvn
768 342 889 388 uranus.
1184 329 1250 394 389

140 488 307 567 ‘⁰⁸me-
344 482 434 559 Quoe
457 504 535 547 sane
559 482 598 547 ad
623 483 725 548 libros
749 484 788 547 de
811 507 845 547 re
868 486 990 549 rustica
1014 488 1083 551 sine
1107 489 1172 553 ulla
1196 489 1251 553 du·

139 590 264 655 titutione
295 589 504 673 referremus,
537 589 601 654 uisi
634 590 667 653 hi
701 591 890 674 superstites
923 598 1040 657 essent.
1094 594 1156 659 Sed
1188 595 1250 660 hoe

140 695 391 782 quomodocunque
414 695 575 780 sehabet,
599 700 688 761 oerto
707 719 724 760 e
744 699 925 782 gramatice
943 702 1035 782 parte
1054 703 1250 785 geometriae

139 802 196 869 illud
215 806 308 887 eaput
330 800 570 869 Varroniauum
603 803 740 887 petitum
768 808 852 889 erat,
881 806 972 870 euius
1000 829 1085 871 nuno
1113 807 1248 900 inserip-

139 909 230 974 tiorem
248 913 379 975 tanturn
401 909 435 973 in
460 909 718 995 agrimensorunr
738 912 929 977 collectione
949 914 1158 997 superstitem
1178 939 1248 981 esse
1341 904 1344 909 ⁴

141 1016 189 1097 ἥδ
211 1015 354 1081 uidimus.
400 1016 613 1082 Frontiniano
641 1022 750 1082 autem
779 1018 969 1084 testimonio
997 1021 1117 1085 ibidem
1147 1023 1247 1087 allato

141 1122 222 1187 rddere
247 1123 385 1189 alterurn
415 1123 492 1189 licet
520 1145 538 1187 e
567 1146 597 1208 p.
626 1125 691 1189 215
714 1123 822 1190 Gaea:
855 1126 989 1190 lintistino
1016 1129 1124 1210 prium
1152 1132 1246 1211 oripo,

142 1232 195 1295 obri
213 1230 306 1295 Varro
332 1232 503 1315 deseruerit,
534 1232 578 1295 od
601 1231 799 1314 disciplinam
827 1234 1007 1314 aroospicanq
1027 1230 1131 1317 (oodd.
1154 1240 1246 1301 rorati-

143 1359 200 1415 nus·
216 1321 253 1403 un
269 1337 520 1424 aruspicinaoo‘l)
543 1340 680 1403 noscitur-r·
692 1340 854 1420 pertiroere,
872 1341 955 1420 quood
971 1343 1126 1423 aruspices
1147 1343 1247 1407 orbern

144 1449 257 1511 mauro
288 1446 321 1510 ior
354 1447 435 1510 duaa
459 1451 567 1529 partes
597 1447 769 1510 diviserunt
794 1495 801 1510 .
826 1495 865 1510 ..
894 1451 927 1510 et
959 1468 1041 1531 quae
1069 1452 1248 1532 sequuntur

145 1572 229 1636 napo
246 1551 383 1617 fortasse
411 1575 450 1617 err
477 1556 570 1636 parte
598 1553 638 1616 ad
666 1552 768 1635 ipsius
792 1551 949 1616 Varronis
979 1552 1159 1636 exemplum
1183 1555 1246 1619 dis-

145 1660 232 1739 putatu

626 1838 646 1915 ξ
672 1837 721 1901 19.

208 1980 229 2042 l.
260 1978 349 2057 Quod
372 1982 481 2044 autem
505 1979 686 2044 universam
705 1985 864 2043 terrarum
884 1979 1135 2064 descriptionem
1154 1979 1201 2064 (h.
1219 2002 1246 2046 e.

146 2085 298 2164 toleretur
314 2092 372 2167 τῆ(
390 2083 631 2171 οἰκουμένηε*))
646 2085 805 2151 Varronis
824 2088 860 2151 de
874 2087 1038 2169 peorroetria
1056 2082 1140 2152 libro
1160 2110 1245 2152 eom·

146 2188 291 2267 prehensam
318 2215 391 2258 esse
414 2193 644 2271 intelleximus,
675 2193 747 2256 iude
770 2216 855 2258 nova
878 2195 931 2257 lux
957 2195 1113 2258 obscurae
1137 2194 1245 2258 admo-

146 2291 198 2359 don
217 2300 389 2385 quaestioni
418 2299 560 2384 affirlget
605 2297 737 2363 Etenim
761 2322 832 2363 eum
855 2323 921 2366 non
944 2301 1115 2366 mediocris
1139 2301 1245 2365 multi·

149 2399 292 2472 todoessa
317 2406 575 2493 fragmentorum
600 2404 878 2472 Varroniauorum
910 2407 947 2470 ad
980 2407 1243 2491 geographiae

146 2506 350 2589 explationem
374 2514 618 2598 pertinentium,
641 2513 817 2577 identidem
841 2514 1021 2596 quaesitum
1045 2517 1104 2596 est,
1127 2514 1243 2597 quibus

146 2613 235 2684 london
255 2620 338 2686 hane
359 2621 453 2685 libris
477 2624 658 2685 tractasset.
700 2619 785 2683 Nam
809 2619 927 2683 Rerum
949 2619 1159 2684 looornanaronn
1182 2622 1243 2685 etsi

147 2736 183 2781 Μ
201 2723 303 2813 integri
331 2728 422 2812 libri,
452 2728 492 2791 ab
517 2726 595 2790 VIII
624 2727 664 2790 ad
688 2725 782 2809 XIII,
809 2727 940 2790 fuerunt
962 2728 998 2791 de
1021 2727 1109 2809 loeis,
1136 2732 1242 2791 tamen

146 2818 185 2888 los
200 2851 250 2898 non
272 2834 311 2899 ad
335 2837 465 2898 exteras
488 2837 591 2897 terras
616 2834 779 2917 quaslibet
802 2833 946 2916 patuisse
970 2832 1153 2916 Augustino
1177 2855 1242 2896 ere-

145 2924 242 3003 dendum
263 2945 312 3005 est
334 2940 374 3005 de
395 2940 453 3005 eiv.
473 2939 523 3002 dei
539 2939 634 3024 VI‚4:
657 2940 775 3003 Rerum
792 2941 904 3022 quippe
920 2939 1131 3002 lorrrrrauurrnu
1150 2938 1244 3003 libros

144 3052 184 3101 Μ
202 3054 337 3126 quantum
366 3048 411 3112 ud
431 3046 532 3111 orbem
555 3051 722 3128 terrarum,
749 3048 802 3111 sed
822 3051 973 3128 premortuus
995 3047 1157 3111 ansulam
1180 3046 1242 3110 Ro-

143 3159 198 3213 Mm
209 3157 367 3238 mand,
390 3157 513 3236 scripsit
535 3151 613 3238 (non
636 3160 787 3236 qrrarotam
808 3156 852 3219 ad
873 3154 971 3218 solano
993 3153 1133 3237 Italam,
1157 3155 1241 3238 quod
1256 3178 1283 3215 n

143 3242 286 3326 imbueras
310 3262 331 3325 l.
350 3284 375 3326 s.
395 3284 420 3326 s.
443 3284 472 3344 p.
488 3261 530 3325 23
553 3260 687 3344 posuit).
724 3261 929 3324 Exstiteruut
951 3265 1118 3343 praeterea
1141 3261 1241 3343 Epioe·

141 3362 233 3431 Modus
251 3370 373 3435 rideatis
394 3370 438 3432 ad
459 3367 641 3449 Porropeianr
673 3367 748 3430 libri
773 3366 944 3431 Varronis:
974 3366 1012 3429 de
1036 3366 1153 3449 quibus
1176 3391 1241 3432 nou

142 3455 199 3530 ltili
220 3475 371 3555 quaedam
402 3474 599 3538 enucleanda
626 3477 751 3538 restant
779 3472 877 3535 etiarn
906 3477 982 3555 post
1009 3472 1121 3535 doctas
1150 3494 1241 3537 ouras

143 3561 261 3644 intueri
283 3604 313 3665 p.
340 3582 380 3645 18
400 3602 469 3665 sqq.
493 3584 526 3644 et
549 3580 682 3663 Bergkii
707 3580 739 3643 in
764 3579 846 3643 Mus,
869 3579 982 3664 philol.
1005 3578 1106 3644 Rhen.
1130 3602 1203 3645 nov.
1227 3580 1240 3643 l

143 3677 300 3773 l·3tlsqq.‚
322 3709 418 3772 quem
442 3709 483 3751 ne
506 3692 643 3753 noverat
667 3688 795 3771 quidem
815 3687 944 3753 eosdem
963 3709 1065 3771 nuper
1083 3708 1242 3751 commen-

143 3778 214 3851 ltn'os
240 3791 349 3859 leuiter
381 3798 519 3879 tangens
547 3794 701 3859 Oehlerus
732 3793 797 3859 Sat.
825 3794 917 3858 Varr.
950 3817 980 3878 p.
1009 3795 1059 3859 64.
1110 3795 1163 3859 Ab
1190 3795 1242 3859 his

144 3892 220 3958 auten
244 3898 330 3965 libris
362 3901 593 3965 alienissimam
624 3902 725 3965 totius
753 3900 841 3965 orbis
869 3905 1027 3965 terrarum
1054 3901 1241 3984 descriptio-

146 4008 197 4059 ΜΝ
212 4000 310 4091 fuisse,
334 4008 414 4072 satis
438 4030 476 4072 ex
500 4009 572 4092 ipso
597 4008 765 4091 scriptoris
789 4008 925 4073 oonsilio
950 4011 1097 4091 apparet,
1122 4008 1241 4091 quippe

146 4114 212 4176 ilem
230 4114 358 4180 sommus
382 4115 501 4179 librum
525 4116 617 4180 illum
643 4113 699 4180 Cn.
724 4116 876 4199 Pompeio
900 4137 958 4199 per
981 4114 1157 4199 Hispanias
1182 4117 1240 4180 mi-

145 4248 309 4286 N.

196 4346 267 4417 'laic
283 4363 354 4417 enm
368 4362 541 4432 Protagorae
560 4363 714 4432 geographi
734 4363 805 4416 noa
818 4361 966 4432 inscriptus
980 4367 1041 4418 aar
1054 4366 1126 4419 teste
1140 4362 1240 4417 enom

145 4421 195 4488 uu
210 4457 229 4497 e.
246 4455 289 4507 aa
306 4453 368 4509 aa
384 4452 416 4508 a.
435 4451 564 4507 rabano
583 4452 612 4506 n
631 4451 699 4506 nus.
720 4451 816 4524 philol.
837 4452 861 4505 11
881 4469 908 4523 p.
928 4458 988 4508 aa.
