2932 5026
170 307 236 373 350
442 322 681 384 ovansmouas
707 319 1044 368 ououaronomcan.

737 537 766 600 3.

227 785 373 850 UEBER
395 675 891 850 PERSONENllJlllJEAIlUIinl
915 781 1006 847 DEN
1032 781 1262 847 Konlhnan

335 927 351 990 l
375 928 524 993 Donatus
549 928 589 992 ad
612 927 783 1010 Adelphon
806 926 831 1010 l,
857 927 885 1009 1,
911 927 938 989 1.

262 1036 405 1100 Nomina
428 1057 655 1119 personarum,
678 1035 711 1098 in
735 1033 910 1098 comoediis
935 1032 1106 1115 duntaxat,
1129 1032 1250 1096 habere

172 1142 252 1206 bent
281 1143 439 1207 rationem
470 1147 503 1206 et
532 1140 774 1225 etymologiam.
802 1139 921 1203 etcnim
951 1137 1128 1203 absurdum
1153 1143 1203 1203 est
1225 1160 1261 1204 co

173 1270 261 1313 cum·
277 1253 387 1332 aparte
418 1252 609 1333 argumenta
640 1249 835 1331 confingere:
866 1245 918 1310 uel
947 1267 1067 1310 nomen
1097 1268 1254 1329 personae

174 1376 353 1440 congruum
386 1355 476 1436 darc,
509 1354 562 1418 uel
592 1353 733 1419 officium
763 1353 847 1438 quod
876 1353 921 1416 sit
949 1375 968 1416 a
996 1353 1130 1417 nomine
1155 1353 1259 1416 diuers

148 1461 251 1526 ahino
284 1483 396 1525 seruus
424 1461 528 1525 fidelis
560 1459 734 1525 Parmeno:
767 1459 906 1524 infidelis
935 1460 988 1523 uel
1018 1458 1120 1542 Syrus
1150 1460 1201 1524 uel
1228 1458 1262 1523 G«

175 1569 269 1632 miles
293 1568 395 1632 Traso
420 1568 472 1630 uel
495 1568 664 1633 Polemon:
688 1568 816 1641 iuuenis
841 1568 1043 1651 Pamphilus:
1068 1571 1220 1632 matrona
1241 1564 1262 1629 ll

174 1676 258 1739 rina:
287 1678 321 1737 et
348 1694 428 1755 puer
454 1672 507 1736 uel
536 1674 576 1738 ab
607 1674 705 1739 odore
729 1672 847 1739 Storax
871 1674 922 1738 uel
947 1696 966 1738 a
988 1673 1064 1739 ludo
1089 1679 1122 1738 et
1146 1675 1262 1758 agesti

176 1780 298 1844 latione
322 1777 448 1844 Circus:
482 1783 514 1842 et
542 1781 622 1844 item
651 1781 786 1864 similia,
818 1782 851 1844 in
883 1781 999 1863 quibus
1024 1803 1188 1844 summum
1211 1800 1262 1864 pos

175 1886 293 1950 uitium
321 1893 384 1969 est,
415 1887 442 1951 si
467 1886 542 1971 quid
566 1910 583 1951 e
607 1888 771 1952 contrario
795 1908 979 1972 repugnans
1003 1885 1232 1970 diuersumque
1253 1907 1262 1967 1

136 2014 162 2053 ro
176 1993 298 2073 tulerit,
321 1994 383 2057 nisi
407 2015 465 2077 per
488 1993 676 2074 ἀντίφραειν
700 1994 888 2059 ioculariter
911 2014 1029 2058 nomeu
1049 1993 1186 2075 inponit,
1211 1998 1246 2055 ut

177 2099 362 2183 sargyrides
384 2099 418 2162 in
438 2100 554 2165 Plauto
574 2101 690 2165 dicitur
708 2102 876 2183 trapezita.
893 2088 933 2164 'et
957 2099 1023 2163 fere
1042 2098 1105 2163 hoc
1124 2099 1219 2162 modo
1238 2121 1262 2181 aj

177 2206 256 2270 alios
282 2229 301 2269 a
324 2205 432 2288 poetis
456 2209 588 2272 nomina
606 2212 846 2292 componuntur
865 2206 1077 2272 describenda
1095 2228 1154 2290 per
1171 2192 1262 2284 ἀν’τίᾳ

177 2332 234 2395 ειν,
257 2311 342 2396 quod
366 2310 517 2398 designat
539 2312 666 2380 Storax.

249 2542 274 2578 v.
297 2533 309 2578 1
331 2524 464 2579 comediis
484 2525 510 2578 A
528 2527 559 2591 (i.
579 2542 600 2580 c.
619 2526 676 2579 cccl.
694 2525 787 2578 Paria.
807 2525 855 2578 lat.
871 2528 947 2579 7920
965 2525 1111 2578 menstrua.
1131 2539 1199 2578 suec.
1218 2523 1262 2575 Χ1

178 2614 208 2675 (i.
233 2629 253 2667 e.
280 2614 363 2666 coclea·
387 2613 562 2679 Dracanon,
589 2615 840 2669 maacha-cluutuc.
869 2612 988 2665 Elector.
1009 2616 1097 2676 5391,
1121 2611 1187 2680 ch.
1213 2612 1248 2666 1).

179 2717 247 2754 succ.
270 2701 348 2767 XV).
375 2702 502 2756 comedia
519 2703 546 2755 B
570 2705 601 2767 (i.
621 2721 641 2755 c.
666 2703 722 2756 cod.
745 2703 836 2756 Paria.
864 2703 1231 2757 lut.7921chnrtnc.succ.
1256 2744 1262 2752 .

181 2789 205 2843 0
222 2792 250 2856 (i.
270 2807 290 2844 c.
310 2791 394 2844 codex
412 2791 554 2845 Icidcnsis
579 2792 652 2845 Voss.
673 2798 728 2845 186
748 2793 942 2845 rammasses.
964 2791 993 2843 X
1000 2790 1035 2856 V)
1140 2792 1207 2845 dum
1226 2794 1258 2843 ta

163 2872 204 2931 '0
277 2942 279 2946 ⁷
309 2878 522 2948 tralrationem
542 2880 568 2932 A
678 2879 890 2948 ekoemologian
911 2880 945 2931 A.
975 2879 1172 2948 ethymologia
1194 2880 1228 2932 B.
1257 2898 1262 2928 c

179 3020 330 3088 mologiam
351 3020 401 3074 OD
474 3029 489 3074 3
509 3021 680 3090 confringam
700 3029 766 3076 nom
788 3024 823 3075 A.
844 2981 988 3091 confringi
1006 3026 1049 3074 nt
1067 3020 1130 3074 uoffr
1152 3022 1185 3075 B.
1207 3027 1262 3074 cont

179 3177 244 3229 gere
263 3161 309 3214 uel
328 3178 429 3215 nomeu
449 3162 500 3215 01)
594 3181 710 3231 persono
730 3165 764 3218 B.
784 3183 870 3235 pseuo
891 3166 914 3218 0
1007 3121 1081 3230 nqis
1101 3164 1126 3214 A
1235 3179 1249 3215 a

179 3251 205 3303 A
301 3257 354 3304 ποῖ·
374 3253 399 3304 A
495 3252 605 3306 diusum
625 3254 651 3306 A
743 3254 822 3307 tuel
843 3255 929 3322 Syrus
949 3252 1006 3322 uel]
1027 3270 1121 3304 narsus
1140 3255 1166 3303 A
1252 3268 1262 3303 s

180 3338 204 3392 0
309 3345 373 3408 post
396 3340 468 3396 Geta
491 3342 555 3396 auo.
580 3341 626 3395 uel
651 3341 702 3395 01)
810 3346 921 3396 ttraso
944 3341 1054 3395 ABOD
1162 3339 1262 3408 polemi

179 3429 311 3499 palemon
328 3429 409 3484 BOD
513 3437 577 3499 post
595 3430 760 3499 Pamphilus
780 3432 844 3485 mld.
865 3430 909 3483 uel
928 3429 958 3482 D
1065 3429 1186 3483 mirrcna
1204 3430 1262 3483 Ar

180 3519 242 3572 rina
261 3519 341 3573 DOD
449 3527 463 3574 1
485 3524 513 3574 ct
532 3521 568 3574 ab
586 3520 671 3574 odore
690 3520 725 3572 B.
745 3522 774 3572 et
792 3519 895 3574 abcloro
915 3518 944 3571 0.
965 3517 1090 3570 abedone
1111 3518 1140 3569 D
1244 3535 1262 3570 n

180 3607 258 3677 ludo]
279 3609 312 3660 ut
329 3608 427 3676 aliqm'l
447 3611 480 3662 A.
501 3612 530 3662 et
548 3625 565 3661 a
584 3608 649 3661 ludo
670 3608 721 3660 01)
799 3625 817 3660 a
835 3611 898 3660 autc
916 3605 1130 3675 gesticulatione
1151 3623 1204 3660 om.
1224 3605 1262 3659 01

181 3697 304 3750 Scirtus
324 3697 358 3748 A.
380 3696 452 3748 cirus
470 3696 505 3748 B.
526 3695 625 3749 ciricus
645 3697 673 3749 0.
694 3697 802 3765 cyricus
821 3696 850 3749 D
958 3694 1026 3748 item
1045 3695 1141 3748 onaC
1247 3700 1261 3747 9

181 3784 262 3838 itium
283 3784 308 3835 A
397 3789 460 3852 post
479 3800 638 3853 repugnans
657 3785 720 3839 aaa
742 3784 910 3838 contrarium
928 3783 1010 3837 BCD
1107 3783 1245 3838 diuersum

119 3901 124 3912 ι
182 3873 279 3928 tulerit
297 3873 326 3926 D
419 3880 451 3927 10
470 3873 628 3930 antifrasim
647 3876 683 3928 D.
713 3874 897 3944 antiphrasim
919 3872 946 3925 0.
976 3872 1135 3926 autrisasim
1154 3873 1189 3926 D.
1216 3876 1262 3926 aut

180 3965 275 4032 pation
295 3965 321 4016 A
430 3964 592 4018 ioculariter
609 3981 693 4033 rapace
711 3965 749 4018 act
767 3981 817 4032 por
835 3963 998 4030 ἀντίφραειν
1018 3966 1121 4028 (1112)
1141 3978 1191 4015 orn.
1210 3961 1236 4014 1)

180 4069 280 4106 noman
305 4053 416 4121 inponit
435 4053 566 4122 (imponit
584 4054 623 4121 D)
643 4053 804 4107 ioculariter
824 4051 874 4105 01)
983 4051 1068 4104 misar
1087 4050 1197 4119 gpridcs
1216 4051 1249 4102 A.

180 4141 327 4210 sargirides
347 4143 375 4195 0.
400 4143 579 4212 insurgiridos
599 4143 628 4195 D
733 4149 762 4195 11
784 4141 907 4210 rapcaita
926 4140 991 4195 AD.
1010 4139 1135 4209 rapesita
1155 4139 1178 4191 0

181 4284 255 4353 apud
273 4282 344 4336 alios
364 4283 416 4337 hoc
435 4244 462 4337 rii
483 4286 509 4337 A
611 4291 642 4338 la
663 4283 844 4338 describenda
863 4284 1020 4351 transponit
1036 4286 1099 4350 post
1119 4281 1262 4347 dvalppon

252 4425 455 4495 anthiphrasim
476 4425 501 4456 ‘¹'
730 4425 759 4481 D
831 4432 863 4480 13
883 4425 919 4493 qd
940 4385 1074 4494 designati
1089 4426 1115 4477 A
1183 4425 1256 4493 {urruns
