2932 5026
183 119 249 183 274
575 137 611 182 m
636 136 747 184 vrrsu
771 135 941 182 rasnurrr

184 276 222 341 de
255 300 320 342 uno
349 275 500 360 Scipione
527 278 736 364 cogitaretur.
787 277 931 361 Eiusque
961 277 1063 361 ipsius
1094 277 1397 364 cogitationem

185 384 297 468 paullo
322 385 421 449 etiam
445 387 679 469 promptiorem
702 386 851 469 proximo
876 407 969 449 versu
989 384 1059 450 lieri
1077 389 1241 468 putemus.
1275 384 1405 453 lb-—i

186 492 271 556 enim
302 492 387 576 quod
418 492 458 556 ab
484 493 578 557 initio
602 494 768 577 proditum
792 496 842 559 est
864 512 984 557 mersisne
1006 491 1120 557 tom
1143 492 1205 559 etsi
1227 492 1266 557 sd
1284 492 1409 559 ΙΕ-

184 599 332 682 gitimsm
362 622 545 665 mensuram
574 599 730 664 Erasmus
763 599 1003 683 transponendo
1033 599 1215 683 revocavit,
1241 599 1412 665 cuin-,s

184 707 330 789 exemplo
358 707 482 772 Honore
509 727 628 771 summo
656 707 821 792 vulgatur,
849 709 959 771 tamen
990 704 1067 790 quid
1098 702 1236 789 impedit
1255 727 1415 790 qmzr·

185 811 291 877 mimis
324 818 453 878 servato
487 813 596 879 ordine
629 813 801 879 verborum
833 811 1035 877 intercidisse
1067 812 1178 894 potius
1209 812 1304 897 aliqui
1358 810 1417 875 „d

120 966 125 975 .
185 919 419 1005 existimemus,
451 920 560 985 hiatus
594 924 630 986 ut
658 921 705 985 sic
733 923 951 985 removeatur:
982 918 1113 984 Summo
1135 918 1203 983 ille
1222 917 1420 985 bono-c

184 1025 312 1104 affectus
332 1027 401 1092 -?
422 1066 463 1072 —
483 1026 545 1092 His
569 1028 669 1112 igitur
692 1027 892 1112 argumentis
915 1025 1038 1091 moveri
1056 1047 1109 1090 me
1127 1046 1242 1109 passus
1259 1045 1418 1091 sir-n

184 1137 224 1197 ut
243 1133 387 1219 Vagellii
416 1134 592 1200 versiculos
621 1134 702 1199 tales
732 1134 843 1219 quales
874 1132 958 1197 edidi
989 1131 1242 1217 conformarem,
1266 1150 1420 1199 non-n

184 1241 254 1305 sine
278 1264 334 1326 spe
358 1242 531 1327 indagatae
554 1242 710 1307 veritatis.
753 1241 839 1325 [lpse
863 1244 973 1306 tamen
996 1238 1198 1307 Ritschelius
1220 1244 1418 1324 possaea

184 1346 392 1413 Fleckeiseno
417 1354 468 1414 est
490 1350 663 1415 obsecutus
688 1348 734 1413 ita
757 1347 954 1414 emendanti:
1226 1336 1236 1355 ’

397 1454 501 1538 Tuae,
524 1455 668 1539 Terenti,
693 1477 774 1541 qnae
799 1459 955 1520 uocantur
978 1453 1120 1537 fabulae,

398 1559 497 1626 Ouiae
521 1561 619 1626 sunt?
650 1584 717 1627 non
741 1563 800 1627 has
823 1566 873 1627 cet.
919 1558 954 1627 0.
968 1558 1035 1641 W.]

273 1666 348 1750 Peg.
374 1667 438 1741 214,
458 1668 476 1731 s
500 1669 586 1752 qnod
608 1667 738 1753 Parerg.
762 1691 792 1752 p.
816 1669 881 1733 325
904 1668 1118 1733 ratiocinatus
1143 1691 1216 1735 sum
1238 1664 1387 1755 Apol-

186 1774 289 1839 lodoro
312 1774 451 1858 Carystio
480 1798 499 1839 a
522 1774 651 1840 Donato
681 1777 838 1860 scriptum
866 1797 951 1857 esse,
979 1773 1054 1840 hinc
1078 1778 1116 1839 ut
1137 1775 1257 1861 duplex
1279 1798 1373 1844 no-

186 1903 259 1946 meu
289 1882 324 1945 in
351 1882 453 1947 vitam
478 1882 729 1948 Ambrosianam
754 1882 935 1965 transierit,
963 1881 1031 1946 eius
1056 1904 1108 1947 me
1131 1884 1356 1957 coniecturae

185 2011 225 2053 ne
249 2011 333 2054 nunc
357 1990 487 2074 quidem
506 1990 658 2075 paenitet.
700 1990 787 2055 Nam
806 1990 891 2055 unde
910 1989 1041 2054 tandem
1059 1988 1125 2053 nisi
1144 2013 1185 2057 ex
1204 1992 1341 2058 Donato

185 2096 331 2162 hausisse
356 2096 454 2163 medii
479 2098 548 2162 aevi
573 2097 762 2180 scriptorem
786 2097 886 2161 istum
908 2101 977 2162 tam
1000 2096 1198 2181 exquisitam
1216 2120 1333 2165 memo

185 2205 268 2268 riam
288 2206 484 2289 putabimus,
503 2204 610 2288 qualis
629 2204 708 2268 haec
728 2208 787 2287 est,
806 2203 994 2288 Caryatium
1009 2225 1088 2287 esse,
1107 2226 1175 2269 non
1190 2204 1329 2289 Geloum,

185 2315 316 2396 poetam
338 2313 392 2403 cui
417 2334 492 2376 suas
516 2310 643 2376 fabulas
668 2314 815 2395 acceptas
839 2311 975 2376 referret
998 2308 1194 2377 Terentius?
1232 2312 1328 2391 Quen

186 2420 213 2483 si
237 2420 310 2503 quis
335 2442 373 2484 ex
397 2419 476 2503 ipsis
501 2419 741 2483 commentariis
766 2416 888 2483 Donati
911 2421 1038 2501 repetat
1059 2418 1094 2482 in
1113 2418 1281 2504 Hecyram
1301 2426 1328 2485 et

133 2543 174 2583 5³⁴
189 2525 417 2592 Phormionem
448 2526 591 2610 scriptis,
618 2548 754 2609 quorum
778 2525 812 2589 in
835 2522 1024 2608 prooemiis,
1051 2524 1107 2589 ubi
1130 2547 1218 2592 nunc
1240 2526 1329 2609 Apol·

186 2633 310 2697 lodoms
338 2633 459 2717 legitur
481 2632 686 2716 simpliciter,
714 2631 859 2715 potuerit
882 2630 991 2715 aliquo
1014 2630 1087 2696 loco
1111 2632 1258 2715 pleniore
1280 2654 1330 2699 no

187 2739 274 2803 minc
288 2740 495 2820 Apollodorus
509 2737 670 2822 Carystius
693 2739 799 2803 dictus
824 2759 906 2803 esse:
931 2738 994 2801 etsi
1022 2738 1067 2802 eis
1091 2739 1332 2805 commentariis

187 2849 237 2909 est
260 2866 336 2909 sane
359 2844 411 2909 bic
435 2845 575 2927 scriptor
598 2867 689 2927 usus,
712 2846 801 2910 velut
824 2845 858 2909 in
881 2844 948 2909 illis
972 2865 1053 2928 quae
1076 2844 1115 2909 de
1138 2844 1258 2912 Luscio
1277 2846 1332 2911 lm-

186 2951 306 3016 nuvino
334 2950 473 3033 rettulit,
501 2958 610 3016 tamen
639 2951 717 3034 quid
740 2956 790 3016 est
813 2972 947 3034 quaeso,
977 2972 1033 3014 cur
1054 2950 1260 3034 probabilius
1282 2952 1333 3019 hie

187 3060 351 3123 statuatur
374 3080 471 3141 quam
495 3057 529 3122 in
553 3057 698 3122 auctario
722 3058 806 3123 vitae
829 3078 949 3122 nornen
969 3055 1090 3141 gentile
1108 3057 1334 3125 intercidisse?

186 3165 379 3249 praesertim
398 3186 471 3230 cum
490 3187 529 3229 cx
548 3186 585 3229 eo
605 3165 750 3229 auctario
770 3164 906 3229 finitima
925 3164 1115 3248 deprompta
1134 3165 1201 3230 sint
1219 3166 1335 3232 omnia

275 3271 369 3337 Vita
393 3276 501 3337 autem
521 3271 779 3338 Ambrosiana
802 3270 860 3335 illa
884 3268 995 3355 (quam
1014 3275 1090 3355 post
1108 3270 1222 3339 Rothii
1242 3294 1335 3339 curris

189 3381 300 3444 eodem
324 3380 392 3443 iure
411 3379 593 3444 Parisinam
618 3377 721 3462 dicas)
745 3377 807 3442 etsi
830 3376 950 3441 referta
973 3381 1023 3441 est
1041 3400 1118 3443 sane
1136 3378 1335 3445 additamen-

181 3487 232 3550 tis
264 3508 330 3551 non
360 3508 377 3550 e
402 3485 522 3551 Donati
550 3487 601 3550 vel
631 3486 698 3550 vita
726 3485 777 3549 vel
807 3483 1039 3549 commentario
1067 3484 1195 3569 petitis,
1226 3488 1336 3551 tamen

189 3592 267 3657 hacc
292 3593 402 3657 omnia
426 3594 471 3658 ita
491 3598 679 3676 comparata
698 3597 782 3676 sunt,
805 3597 842 3657 ut
864 3614 923 3657 suo
942 3592 1074 3677 ingenio
1093 3591 1196 3656 fretus
1215 3594 1336 3677 fingere

189 3700 327 3782 scriptor
346 3699 490 3784 potuerit
508 3700 716 3784 quantumvis
736 3699 925 3764 temerariae
940 3698 1134 3783 explanandi
1149 3700 1336 3765 exornandi·

190 3914 251 3977 loe:
282 3916 473 3995 praesertim
502 3915 557 3980 ubi
587 3915 645 3978 illa
668 3912 868 3997 reputaveris
892 3911 934 3976 sd
958 3933 1056 3976 unum
1079 3910 1142 3976 hoc
1165 3912 1334 3978 consilium

189 4019 302 4102 redire,
326 4024 362 4083 ut
384 4021 536 4105 itinerum
560 4021 704 4085 rationes
724 4042 744 4083 a
762 4022 860 4101 poeta
876 4018 1038 4083 factorum
1056 4017 1194 4083 clariore
1213 4018 1247 4085 in
1267 4018 1336 4084 lnce

189 4127 443 4192 conlocarcntur.
499 4128 546 4191 De
579 4151 643 4212 quo
675 4131 712 4190 ut
744 4125 864 4189 certius
897 4124 1039 4189 iudicare
1071 4125 1199 4205 liceret,
1232 4126 1334 4209 ipsam

190 4233 290 4297 rit-am
320 4232 423 4317 illam,
451 4234 535 4299 inter
560 4253 595 4298 1v
620 4234 782 4298 saeculum
807 4234 839 4294 ct
863 4248 900 4294 xr
924 4231 1091 4315 scriptam,
1121 4232 1177 4295 scd
1200 4232 1250 4296 illi
1273 4234 1334 4297 nisi
