2932 5026
273 182 339 246 260
668 199 705 245 ru
729 199 836 245 mrsu
860 197 1028 246 renarra

272 341 404 407 nollem.
439 340 526 406 Nam
544 341 579 404 in
596 361 712 405 navem
729 341 935 426 praemisisse
960 341 1104 406 sarcinas
1125 341 1158 405 is
1182 345 1313 406 tantum
1327 326 1422 406 'recte

275 447 392 513 dicitur
414 447 478 532 qui,
501 446 536 510 in
558 446 654 511 litore
678 449 803 512 restans
827 469 1010 532 parumper,
1033 469 1105 512 eam
1123 469 1241 512 navem
1258 447 1331 532 ipse
1348 469 1421 513 con-

274 575 444 619 scensurus
468 556 533 618 eet:
561 575 643 637 quae
666 553 826 638 quomodo
850 554 969 638 perire,
993 554 1137 619 nondum
1161 574 1294 640 egressa
1317 558 1420 639 portu,

273 659 401 745 potuit?
438 659 569 725 Rectius
592 681 661 724 rem
684 660 786 725 menti
810 683 887 726 suae
911 660 1050 745 scriptor
1073 663 1159 728 vitae
1182 660 1419 727 Ambrosianus

273 766 486 849 informabat,
514 765 721 851 quantumvis
750 767 778 830 is
802 769 1059 831 commentorum
1081 766 1181 832 ferax.
1203 805 1247 814 —
1270 765 1419 833 Ceterum

272 894 354 938 narro
376 874 485 958 potius
509 894 607 956 quam
629 874 708 936 nerei
731 895 770 937 ex
792 874 874 937 nurci
900 872 1034 955 efficias,
1058 876 1095 936 ut
1116 872 1175 937 lul.
1194 873 1246 938 52.
1270 874 1356 960 Aug.
1372 876 1419 940 17.

273 979 346 1044 Tib.
372 980 422 1045 14.
445 978 510 1044 Tit.
533 979 555 1044 5
578 983 611 1043 et
634 980 783 1062 fortasse,
806 979 845 1042 de
869 1001 933 1063 quo
956 1001 1076 1064 anceps
1098 979 1265 1063 iudicium,
1287 979 1347 1045 lul.
1369 982 1420 1049 66.

273 1085 379 1151 Semel
409 1089 537 1151 tautum
567 1086 601 1151 in
624 1085 823 1150 Memmiano
855 1086 964 1151 codice
994 1087 1159 1170 proditum
1187 1088 1268 1151 narsi
1295 1089 1420 1172 reperio

272 1192 357 1279 Aug.
379 1194 432 1277 98,
455 1196 624 1276 praeterea
648 1192 687 1257 de
710 1191 792 1256 rhet.
818 1193 834 1257 1
860 1197 940 1258 extr.

362 1298 468 1364 Versu
491 1298 509 1362 b
539 1299 575 1361 in
596 1299 653 1362 ario
675 1298 784 1381 Appia
811 1299 1005 1383 pravissimo
1030 1298 1182 1364 instituto
1206 1299 1421 1385 Burmannus,

273 1405 359 1489 quod
383 1405 482 1470 etiam
505 1404 610 1488 magis
629 1404 749 1469 mirum
764 1403 1029 1489 Oudendorpium
1048 1427 1204 1471 servasse.
1235 1403 1422 1491 Numquam

272 1535 339 1577 non
379 1512 501 1576 omissa
541 1511 784 1595 praepositione
826 1512 953 1577 locutus
990 1510 1178 1579 Suetonius:
1222 1514 1280 1577 scia
1316 1514 1421 1597 Amaia

273 1617 385 1684 Claud.
409 1619 443 1702 1,
471 1618 527 1682 vit.
550 1616 654 1682 Persii
683 1615 787 1703 (cuius
817 1619 979 1688 recentior,
999 1617 1129 1683 demum
1152 1619 1314 1704 interpres
1336 1618 1430 1704 apud

219 1746 258 1786 aar
272 1724 421 1789 Iahnium
444 1747 475 1808 p.
499 1723 563 1789 239
587 1725 622 1788 in
645 1723 798 1809 addidit),
821 1725 902 1789 item
925 1726 959 1788 in
982 1725 1050 1790 vita
1072 1724 1171 1790 Ennii
1195 1725 1282 1810 apud
1304 1724 1437 1791 Hiere—

272 1853 417 1915 nymum,
439 1831 491 1896 uel
509 1832 617 1913 Appia
637 1831 829 1916 simpliciter
847 1831 918 1897 Tib.
930 1831 981 1915 72,
1003 1833 1060 1896 etio
1072 1831 1279 1899 Praenestina
1301 1833 1336 1897 in
1356 1833 1436 1897 vitu.

239 2025 243 2034 θ
273 1936 387 2021 Attae,
414 1937 465 2001 vel
488 1938 616 2003 inverse
641 1938 752 2004 ordine
775 1939 910 2004 Aurelia
931 1940 988 2004 uia
1010 1938 1103 2004 Galb.
1127 1940 1185 2024 20,
1213 1939 1346 2005 Salam
1366 1940 1432 2004 aia

272 2041 370 2126 Vesp.
400 2043 452 2126 12,
479 2045 599 2110 Latina
621 2047 676 2111 ario
698 2046 793 2112 Dom.
820 2045 874 2110 17:
909 2067 991 2129 quae
1015 2047 1163 2130 exempla
1184 2068 1290 2130 prope
1313 2046 1425 2111 omnia

273 2148 426 2233 adposuit
448 2147 597 2216 Rothius.
643 2151 849 2237 Quamquam
876 2152 912 2215 in
938 2172 1029 2217 sacra
1055 2153 1112 2216 aeia
1134 2152 1221 2216 idem
1245 2150 1425 2218 Suetonius

273 2257 324 2322 bis
348 2257 376 2322 d.
399 2255 458 2321 Iul.
480 2257 524 2320 46
549 2262 582 2322 et
605 2259 656 2323 80.
702 2258 785 2322 Item
815 2259 850 2321 in
877 2259 934 2322 uia
955 2259 1152 2323 laurentiae
1182 2257 1309 2324 Gellius
1337 2278 1371 2343 x,
1391 2259 1418 2342 2,

272 2364 301 2428 si
325 2364 455 2449 integra
478 2364 648 2449 scriptura.

360 2470 437 2553 Peg.
451 2470 547 2544 elau
569 2473 614 2536 ad
633 2471 753 2537 Mart-is
774 2471 888 2535 sillem
911 2470 997 2535 libri.
1031 2470 1101 2537 Nee
1122 2463 1228 2537 fuisse
1246 2472 1350 2537 ullam
1369 2473 1417 2539 ria

273 2579 380 2662 Appia
401 2579 514 2643 stillum
536 2577 652 2643 Martis
676 2601 735 2643 nec
759 2578 898 2662 cogitari
920 2599 1016 2660 posse
1035 2576 1224 2663 Schopenus
1247 2578 1341 2663 vidit,
1361 2580 1415 2644 nil·

273 2687 336 2750 lam
359 2683 573 2769 probabiliter
596 2684 757 2750 coniciens
782 2683 993 2766 explicandae
1015 2684 1153 2750 hortulos
1179 2685 1253 2750 voci
1276 2686 1414 2770 adscrip

273 2796 342 2857 tum
372 2814 450 2857 esse.
501 2788 600 2855 Cuius
632 2791 704 2874 ipsa
734 2790 832 2854 verba
862 2789 963 2854 habes
992 2791 1026 2855 in
1055 2790 1256 2856 Fleckeiscni
1287 2792 1417 2875 praelat

272 2922 304 2983 p.
335 2914 411 2975 vll„
449 2897 518 2974 Quo
552 2898 656 2981 magis
689 2898 847 2961 miramur
879 2919 989 2962 rursus
1022 2901 1196 2980 patronum
1227 2897 1277 2961 illi
1310 2898 1340 2962 si
1371 2898 1418 2964 dis

272 3006 381 3088 placet
407 3004 504 3069 villae
529 3003 685 3068 Rothium
714 3027 744 3087 p.
770 3004 833 3068 180
861 3004 1020 3086 extitisse,
1054 3002 1203 3069 Suetonii
1231 3005 1419 3071 testimonio

273 3133 369 3176 usum
392 3109 477 3194 quod
500 3114 550 3176 est
573 3111 607 3175 in
634 3111 699 3175 vita
722 3108 845 3174 Tiberii
869 3132 938 3194 cap.
962 3109 1019 3173 65:
1051 3130 1111 3191 per
1132 3130 1242 3174 nerem
1259 3111 1420 3192 perimor

272 3237 387 3283 mones
413 3239 477 3283 aon
504 3238 639 3301 wasers
666 3222 710 3283 cst
736 3217 816 3282 nilla
843 3237 922 3298 perae
947 3220 1077 3280 crocatur
1098 3215 1198 3280 Ioum
1243 3216 1288 3281 Et
1311 3222 1420 3284 tamen

272 3325 403 3390 conlato
436 3324 549 3390 Tacito
586 3325 700 3389 Annal.
730 3343 775 3407 1v,
804 3323 845 3386 67
879 3322 1005 3405 pridem
1038 3322 1240 3387 intellectum
1273 3330 1325 3389 est
1356 3346 1419 3389 nou

274 3433 371 3496 aliam
401 3432 497 3495 huius
527 3432 668 3496 nominis
696 3432 855 3495 rationem
885 3450 955 3494 esse
983 3428 1047 3493 nisi
1075 3429 1161 3512 quod
1188 3428 1360 3495 duodecim
1386 3431 1418 3494 in

274 3535 407 3622 Capreis
431 3536 538 3601 insula
561 3537 648 3601 villis
673 3538 739 3601 suis
762 3535 902 3620 privatis
916 3535 1065 3600 liberius
1085 3535 1244 3600 arbitratu
1264 3522 1418 3601 sno‘duo-

273 3645 376 3710 decim
400 3644 532 3709 deorum
555 3644 689 3709 nomina
712 3643 885 3708 indiderat:
909 3641 942 3706 id
965 3641 1050 3726 quod
1073 3663 1156 3706 unus
1175 3641 1313 3726 quisque
1332 3642 1419 3708 videt

274 3752 315 3816 ad
342 3751 505 3836 publicum
533 3772 651 3815 nomen
679 3749 766 3814 aedis
794 3747 943 3832 publicae
975 3747 1056 3813 nihil
1084 3770 1216 3831 prorsus
1247 3750 1417 3834 pertinere.

273 3857 341 3924 Nec
368 3858 445 3923 hinc
472 3879 537 3923 non
565 3858 671 3922 aliena
697 3857 776 3921 uilla
799 3856 918 3920 Mortis
945 3854 979 3917 in
1001 3854 1168 3937 Apennino
1194 3854 1266 3938 illa,
1299 3856 1418 3941 inqua

273 3964 475 4029 Pertinacem
497 3965 578 4048 Imp.
597 3967 709 4029 natum
728 3962 829 4027 Iulius
849 3959 1055 4044 Capitolinus
1079 3963 1134 4025 cl
1159 3961 1332 4044 perhibere
1354 3985 1418 4028 cre·

274 4071 372 4136 ditur:
395 4070 450 4135 ubi
473 4072 553 4135 uilla
574 4071 685 4134 ambas
709 4074 760 4133 cst
783 4070 816 4132 in
840 4067 992 4132 Palatino
1015 4067 1133 4132 codice.

363 4175 484 4241 Versus
498 4178 578 4241 7-9
597 4179 630 4242 iu
653 4199 745 4261 quem
762 4176 918 4240 ambitum
936 4174 1152 4258 pinguissima
1166 4174 1420 4258 interpolatione

274 4283 450 4367 creverint,
474 4285 554 4348 satis
578 4307 676 4368 supra
698 4284 898 4368 disputatum
923 4288 973 4347 est
996 4282 1036 4345 ad
1059 4304 1091 4364 p.
1115 4281 1190 4364 206,
1213 4282 1367 4365 8-207,
1389 4284 1419 4348 3.
