2932 5026
257 313 321 377 228
646 330 682 376 ιιι
706 330 817 378 vmau
840 329 1009 377 rnaauru

254 493 312 553 qae
333 493 370 536 aa
392 477 549 554 conspecta
571 473 710 536 munirem
731 472 797 536 abit
811 475 947 555 praciam
969 474 1004 536 in
1022 477 1138 565 terram
1154 472 1311 537 attimaro.
1335 470 1402 535 Vbi

256 579 301 642 sio
324 579 510 663 discrepant
532 578 645 661 aeteri,
675 581 712 642 ιιι
733 576 877 664 (praeter
899 600 915 644 e
936 580 1077 644 sormam
1100 601 1159 663 pro
1182 599 1220 644 ea
1242 579 1403 645 substitu-

255 683 337 770 tam)
361 686 411 749 vel
435 685 513 749 abiit
534 685 570 749 ia
584 687 741 767 praeeram
760 690 874 750 terram
893 685 1032 770 prodant
1051 686 1102 750 vel
1119 686 1251 750 obiitin
1265 687 1405 769 praciam

254 794 289 856 ia
313 797 428 856 terram
451 791 503 855 vel
527 792 592 855 abit
614 791 721 874 (abiit)
744 793 779 856 ia
798 794 933 875 proriam
956 792 1078 857 omissa
1101 798 1216 857 mam
1240 814 1336 857 voce:
1368 797 1407 857 ιιι

254 897 379 961 ineerta
402 898 477 962 sede
500 898 656 962 fluctuare
681 899 717 962 in
739 899 1015 982 praepositionem
1039 902 1203 982 appareat.
1248 897 1405 964 Numeris

255 1009 364 1069 autem
389 1028 451 1090 quo
476 1005 558 1070 satis
582 1006 650 1088 fiat,
673 1005 755 1069 duae
779 1007 868 1071 solae
892 1005 1073 1090 corrigendi
1097 1005 1168 1070 viae
1191 1010 1325 1090 patent:
1347 1009 1406 1070 aut

255 1116 292 1175 ut
313 1110 392 1175 aaa
405 1111 572 1177 Grae'etam
589 1115 625 1177 ta
644 1118 759 1176 terram
782 1113 937 1196 probetur
960 1119 1018 1178 aut
1040 1120 1078 1178 ιιι
1099 1113 1165 1178 abit
1182 1115 1217 1178 in
1232 1113 1407 1179 &aetiam

255 1223 386 1283 mom:
409 1220 517 1284 nullus
541 1225 591 1284 est
614 1219 700 1284 enim
725 1242 820 1304 quem
840 1219 979 1285 Rothius
999 1242 1126 1285 versum
1145 1220 1249 1286 finxit
1282 1218 1406 1285 Vtrum

255 1330 406 1409 praestet,
428 1348 493 1391 non
518 1332 568 1391 est
587 1325 720 1391 difficile
738 1327 896 1392 iudicatu:
918 1327 1051 1410 perinde
1075 1327 1126 1391 vel
1149 1328 1214 1391 abit
1236 1325 1406 1411 praesenti

254 1437 401 1516 tempore
429 1433 480 1497 vel
507 1432 650 1516 perfeeto
678 1434 757 1498 abiit
782 1434 963 1515 dicebatur,
995 1456 1061 1500 non
1089 1434 1222 1518 perinde
1250 1435 1289 1498 ia
1312 1454 1406 1518 prae-

254 1539 375 1621 positio
398 1539 449 1602 vel
473 1539 745 1623 praemittebatur
768 1541 819 1614 vel
842 1541 948 1605 media
971 1541 1182 1622 inserebatur.
1219 1538 1308 1605 Nam
1331 1560 1406 1624 poe

254 1645 318 1709 tieo
343 1650 471 1709 tantum
496 1645 643 1728 artificia,
666 1646 762 1731 quale
786 1647 826 1712 ab
849 1647 912 1712 hoo
931 1666 1049 1730 genere
1068 1646 1253 1711 litterarum
1272 1645 1407 1711 alienis·

254 1752 372 1815 simum
404 1757 468 1834 est,
501 1751 547 1816 sio
579 1751 668 1837 loqui
696 1752 863 1817 Graaatara
891 1755 927 1817 la
955 1757 1069 1817 terram
1098 1752 1204 1836 licuit,
1237 1773 1336 1837 quem
1364 1750 1406 1817 ad

255 1860 385 1924 modum
409 1859 569 1924 Celtiberia
592 1861 628 1925 in
651 1866 734 1924 terra
758 1857 907 1924 Catullus
922 1860 975 1942 39,
992 1861 1031 1925 17
1057 1859 1153 1924 dixit:
1177 1861 1212 1923 ia
1235 1857 1407 1924 Graeciam

255 1971 369 2030 terram
392 1965 457 2047 (vel
487 1967 587 2031 etiam
610 1967 762 2031 usitatius
789 1968 825 2030 ia
847 1971 963 2030 mam
986 1963 1165 2052 Graeciam)
1188 1985 1307 2049 prosae
1330 1986 1407 2029 ora·

255 2074 353 2138 tionis
378 2073 622 2156 simplieitatem
646 2094 779 2138 servans
802 2073 938 2137 castitas
962 2072 1122 2138 sermonis
1145 2071 1272 2157 antiqui
1291 2076 1407 2156 postu·

255 2179 358 2260 labat,
388 2179 473 2243 siout
500 2179 534 2243 in
558 2179 747 2244 Trinummo
771 2181 891 2244 aduecti
912 2181 956 2244 ad
976 2179 1132 2244 Arabiam
1155 2183 1271 2244 arram
1293 2196 1407 2243 mem

255 2284 392 2349 Plautus
416 2285 498 2349 dixit
522 2307 549 2349 v.
573 2286 652 2364 933,
683 2286 840 2351 Arabiam
861 2288 905 2351 ad
926 2290 1041 2350 terram
1068 2307 1135 2351 non
1163 2285 1270 2370 magis
1293 2283 1407 2368 potuit

254 2413 366 2477 quam,
398 2392 454 2476 qui
481 2397 612 2475 poetam
635 2415 701 2458 non
724 2399 849 2478 ageret,
871 2392 1016 2457 ereaam
1038 2393 1074 2456 ia
1095 2392 1230 2473 fluuium
1251 2390 1305 2455 rel
1327 2389 1405 2455 Ale-

253 2501 412 2563 mandram
435 2500 476 2563 ad
496 2500 608 2581 filiam.
653 2500 722 2565 Nee
745 2501 849 2583 aliter,
872 2500 927 2584 qui
950 2496 1085 2564 Catonis
1105 2497 1326 2582 Varronisque
1350 2516 1407 2560 ex·

199 2628 240 2668 sea
256 2604 363 2689 emplo
392 2606 486 2670 valde
515 2607 694 2672 delectatur
722 2607 784 2671 hae
812 2607 968 2672 societate
991 2607 1171 2689 nominum,
1195 2604 1336 2670 Gellius:
1368 2605 1407 2668 in

254 2718 337 2776 terra
352 2712 487 2777 Graecia
510 2731 531 2795 1,
549 2714 576 2777 1.
599 2713 729 2797 xv11,3.
752 2714 888 2794 xvll‚2l
905 2713 978 2793 §16
993 2716 1027 2777 et
1041 2712 1093 2795 23,
1116 2714 1151 2776 ia
1170 2717 1253 2778 terra
1272 2709 1405 2776 Vmbria

254 2838 304 2903 ιιι,
319 2822 349 2903 2,
372 2821 408 2884 in
431 2825 512 2884 terra
535 2820 650 2901 Afrr'ea
672 2838 718 2902 iv,
744 2821 793 2884 18.
818 2837 889 2901 xvr,
915 2821 964 2902 11,
986 2820 1022 2883 ia
1044 2824 1127 2882 terra
1150 2818 1260 2896 ltalia,
1284 2818 1319 2882 ia
1343 2821 1405 2881 ter·

253 2949 322 2991 ram
347 2928 535 2991 [manicam
562 2945 638 3008 xvi,
664 2927 715 3008 19,
745 2947 783 2991 ea
810 2931 894 2990 terra
915 2926 1079 3008 Hispania
1105 2925 1250 3008 xv11,3,
1281 2929 1406 2989 elena

254 3034 335 3097 Asea
363 3051 440 3116 ιιιιι,
466 3034 497 3097 9.
547 3030 669 3098 Contra
700 3034 828 3118 poetico
861 3033 968 3098 colore
1000 3033 1121 3097 tinctus
1153 3031 1259 3097 Taciti
1292 3051 1402 3095 sermo

254 3163 319 3205 non
343 3139 527 3224 refugiebat
549 3137 684 3221 Capram
706 3160 738 3204 se
759 3140 955 3205 laboratam
976 3139 1096 3204 abdidit
1117 3137 1202 3203 Ann.
1225 3155 1272 3220 ιν,
1290 3136 1345 3219 67,
1369 3140 1405 3201 et

255 3247 283 3310 si
313 3267 394 3330 quae
422 3250 499 3309 sunt
525 3245 677 3311 similiter
704 3246 791 3311 diota
818 3246 946 3311 inverso
970 3245 1084 3311 ordine
1106 3250 1143 3309 ut
1164 3245 1275 3327 oppido
1296 3263 1319 3307 a
1342 3241 1403 3308 Oa·

253 3374 332 3436 nepo
356 3371 391 3437 ιι,
405 3354 457 3436 60,
479 3358 611 3417 aronam
632 3355 719 3436 apud
731 3353 871 3435 Erycum
893 3371 938 3434 ιν,
952 3352 1004 3416 43.
1042 3349 1193 3416 Ceterum
1215 3371 1280 3415 ono
1301 3349 1403 3414 verbo

257 3460 430 3544 repellendi
462 3465 537 3525 sunt
568 3461 622 3544 qui
651 3459 801 3526 Graeciae
829 3460 866 3524 ia
896 3464 1011 3523 terram
1040 3456 1307 3522 commendarunt
1335 3476 1401 3521 non

255 3571 424 3650 perspecta
456 3566 488 3628 vi
521 3567 735 3651 appositionis
769 3588 866 3651 quarn
899 3565 1072 3629 sanissimo
1109 3562 1229 3629 iudidio
1261 3559 1402 3627 Carolus

254 3671 470 3756 Nipperdeius
501 3694 604 3757 nuper
634 3674 809 3757 explicavit
836 3671 988 3757 Spioileg.
1016 3673 1086 3737 orit.
1109 3672 1142 3736 in
1167 3668 1294 3735 Cornel.
1317 3667 1400 3753 Nep.

255 3802 285 3863 p.
309 3779 352 3843 35
367 3802 414 3864 sq.
447 3815 490 3824 —
524 3779 634 3845 Vnum
666 3784 783 3862 restat,
816 3780 900 3862 quod
929 3778 991 3843 etsi
1020 3777 1216 3842 dubitationi
1244 3796 1316 3840 esse
1345 3775 1402 3839 ob·

254 3886 387 3951 noxium
414 3886 534 3970 sentio,
562 3890 670 3951 tamen
700 3885 831 3950 silentio
859 3884 1117 3968 praetermittere
1140 3881 1293 3968 religioni
1315 3881 1402 3947 duxi.

255 3991 387 4056 Etenim
410 4014 587 4076 numquam
611 4012 676 4055 non
700 3990 871 4055 offensioni
894 3989 995 4054 fuisse
1022 3989 1128 4054 fateor
1151 3989 1251 4073 quod,
1279 4010 1344 4073 quo
1367 4010 1403 4055 ee

255 4099 414 4182 receperit
441 4097 624 4182 Terentius,
642 4096 796 4162 ·Graeeia
824 4097 959 4162 ultima
986 4096 1117 4160 dieitur:
1152 4094 1243 4159 ouius
1271 4095 1401 4180 quidem

255 4205 453 4277 definitionis
477 4226 589 4269 vereor
612 4210 649 4269 ut
671 4205 770 4268 ullam
794 4208 917 4268 certam
940 4201 1108 4268 notionem
1126 4201 1228 4266 menti
1252 4223 1330 4267 suae
1353 4203 1402 4268 in·

255 4314 396 4377 formare
419 4314 546 4376 veteres
569 4311 631 4394 ipsi
655 4311 832 4395 potuerint:
857 4314 925 4374 tarn
950 4309 1008 4373 illa
1026 4313 1059 4373 et
1078 4309 1119 4373 ab
1139 4331 1199 4373 usu
1217 4308 1341 4374 recedit
1359 4314 1402 4391 et,

255 4421 354 4484 situm
370 4417 525 4483 Graeciae
544 4418 572 4482 si
592 4420 696 4501 qualis
716 4419 761 4481 sit
778 4417 994 4500 reputaveris,
1013 4421 1127 4501 suapte
1145 4419 1264 4481 natura
1281 4416 1401 4481 mirum
