2932 5026
212 305 276 370 558
534 322 651 369 caasa
674 308 818 370 vuaao’s
842 321 1021 369 mauman

212 486 345 548 prorsus
371 465 404 528 in
429 462 626 529 Graecorum
649 464 932 550 Romanorumque
960 465 1055 530 libris
1078 465 1268 550 singulorum
1285 492 1323 536 ca·

212 573 316 654 pitum
344 571 607 635 distributionem
634 573 795 638 neminem
827 577 896 637 tam
928 574 996 637 fore
1024 573 1174 657 ineptum
1204 579 1325 657 putamus

213 678 268 761 qui
291 678 343 742 vel
367 677 511 760 requirat
533 677 584 741 uel
607 682 780 760 exspectet.

302 783 470 859 Quartae
499 788 609 848 autem
633 785 747 849 elassis
776 786 838 849 etsi
861 807 920 850 nec
943 786 1147 869 coryphaeos
1174 808 1230 850 nec
1253 794 1325 871 caput

212 895 474 977 praerogativum
501 892 664 975 novimus,
692 897 801 957 tamen
825 894 877 957 vel
903 893 956 957 hic
983 894 1097 957 licebit
1119 915 1159 956 ex
1186 893 1242 975 eis,
1266 914 1323 976 quae

213 998 379 1062 commode
399 998 467 1061 fieri
486 1019 561 1062 nou
585 999 760 1081 potuerint,
783 999 1003 1063 coniecturum
1022 999 1061 1062 de
1081 1020 1120 1063 eo
1140 1019 1249 1082 capere
1264 997 1323 1085 quod

214 1127 283 1169 esse
307 1105 430 1168 factum
453 1105 521 1168 veri
541 1105 645 1168 simile
665 1104 717 1168 sit.
749 1103 848 1169 Velut
870 1104 921 1169 fac
943 1127 963 1168 a
986 1103 1190 1187 philosophis
1207 1125 1323 1169 exorsum

214 1234 283 1275 esse
311 1210 492 1274 Varronem
519 1211 554 1275 in
581 1232 684 1295 eoque
712 1232 830 1296 genere
863 1212 985 1294 primas
1015 1211 1096 1274 satis
1124 1232 1183 1295 per
1208 1216 1323 1274 soracte

213 1317 343 1382 Platoni
368 1316 503 1380 dedisse.
544 1317 591 1381 At
613 1317 699 1382 hunc
719 1317 813 1380 unius
837 1318 945 1399 potius
970 1316 1182 1382 hebdomadis
1202 1317 1324 1381 societate

213 1447 285 1488 cum
304 1423 494 1508 Pythagora
513 1428 546 1487 et
564 1423 743 1488 Aristotele
762 1423 1031 1507 comprehensum
1054 1423 1156 1488 fuisse
1175 1420 1324 1506 Symmachi

214 1552 294 1616 quae
319 1553 343 1594 s.
367 1552 391 1593 s.
416 1552 439 1593 s.
461 1531 562 1594 cerba
588 1529 675 1594 haud
704 1529 850 1613 profecto
879 1531 943 1595 levi
971 1529 1090 1594 indicio
1115 1534 1199 1593 sunt.
1237 1528 1324 1592 Telis

212 1636 358 1700 Platonis
391 1635 498 1699 locum
532 1634 700 1700 Socratem
733 1636 908 1718 substitue,
942 1636 997 1720 qui
1029 1636 1092 1700 etsi
1124 1634 1258 1720 scriptor
1279 1654 1325 1699 mn

211 1742 287 1825 fuit,
310 1748 419 1806 tamen
443 1746 479 1806 ut
502 1742 713 1826 gravissimus
737 1746 851 1806 auctor
876 1741 1105 1826 philosophiae
1129 1746 1253 1826 praeter
1271 1738 1323 1805 uli·

211 1855 281 1914 tum
304 1849 453 1932 princeps
477 1849 634 1932 praeponi
660 1850 775 1933 potuit.
812 1853 858 1913 At
881 1848 929 1913 ita
952 1872 1047 1933 quem
1065 1850 1199 1915 tandem
1216 1847 1258 1911 illi
1272 1864 1323 1911 cca

212 1955 290 2018 ferri
323 1977 339 2019 e
371 1955 528 2019 Romanis
567 1956 713 2038 potuisse
746 1955 900 2039 putabis?
941 1954 1036 2020 Nam·
1061 1960 1099 2019 ut
1130 1954 1240 2039 paucis
1265 1972 1324 2017 cun·

212 2061 406 2143 plectamur,
439 2062 570 2125 omnino
598 2084 664 2126 non
693 2066 744 2127 est
772 2061 924 2126 credibile
957 2062 992 2126 in
1020 2062 1089 2126 ulla
1117 2061 1220 2126 classe
1246 2083 1264 2124 a
1286 2056 1324 2122 ld

212 2167 318 2251 capite
341 2167 470 2230 initium
493 2167 616 2232 factum
641 2190 711 2232 esse
730 2191 750 2232 a
769 2166 926 2250 Varrone,
949 2168 984 2231 in
1007 2188 1070 2251 quo
1094 2171 1164 2231 tam
1188 2165 1324 2231 musitae

213 2277 311 2357 esset,
345 2296 442 2357 quam
471 2277 521 2338 est
548 2275 582 2338 iu
614 2273 851 2358 philosophicis
884 2273 1018 2357 litteris,
1052 2273 1246 2338 Graecorum
1271 2289 1323 2356 pne

213 2380 369 2444 Romanis
407 2379 549 2464 dignitas
583 2387 616 2445 et
651 2379 860 2464 praestantia
906 2378 995 2463 Ergo
1032 2401 1074 2443 ne
1112 2379 1153 2444 ab
1191 2375 1323 2443 historici

137 2487 340 2571 mquidem
378 2507 510 2549 exorsus
548 2507 618 2550 esse
655 2485 791 2549 videtur.
845 2484 989 2560 Quorum
1027 2485 1088 2549 etsi
1125 2483 1323 2551 hebdomada

212 2593 368 2658 Graecam
396 2594 428 2656 in
460 2591 669 2667 Quinctiliani
698 2594 717 2671 ξ
744 2592 883 2655 73-Ἱῦ
912 2589 1109 2656 Mereklinus
1140 2589 1325 2676 investigarit,

211 2701 424 2784 compositam
449 2699 541 2762 illam
565 2719 581 2760 e
605 2696 819 2780 Thucydidis,
843 2697 1016 2779 Herodoti,
1040 2697 1253 2781 Theopompi,
1275 2693 1325 2759 Pli-

211 2806 292 2888 listi,
329 2806 468 2889 Ephori,
504 2803 673 2884 Clitarchi,
709 2803 897 2885 Timagenis
931 2803 1134 2885 nominibus,
1171 2817 1326 2887 quorumt

211 2914 365 2977 societate
395 2912 645 2995 Xenophontem
674 2910 743 2992 ipse
773 2909 1013 2984 Quinctilianus
1043 2932 1077 2973 se
1110 2910 1190 2973 dicit
1218 2909 1328 2972 exinea

211 3023 247 3081 ut
280 3018 364 3081 inter
396 3018 611 3100 philosophos
640 3016 837 3079 reddendum
870 3017 992 3100 potius:
1025 3020 1060 3080 at
1088 3017 1156 3079 sive
1189 3014 1229 3079 ad
1254 3011 1330 3076 llere-

211 3124 321 3189 dotum
346 3124 414 3187 sive
439 3124 479 3187 ad
501 3122 723 3206 Thucydidem
751 3123 895 3205 palmam
927 3123 1079 3186 detuleris
1104 3145 1121 3185 e
1146 3126 1251 3185 mente
1269 3115 1331 3180 Tar-

209 3230 308 3313 ronis,
331 3231 440 3294 hicine
464 3236 500 3294 ut
523 3251 595 3293 cum
618 3229 677 3293 illo
701 3250 798 3292 ausus
823 3230 867 3293 sit
891 3229 939 3292 vel
964 3227 1277 3292 Fabium-Pictorem
1293 3216 1333 3284 rel

211 3334 379 3399 Sisennam
399 3336 449 3400 vel
469 3335 565 3399 etiam
586 3332 778 3399 Sallustium
798 3333 1022 3397 committere?
1048 3333 1153 3397 Immo
1174 3338 1231 3397 aut
1248 3327 1334 3397 omnis

210 3442 329 3506 fallunt
349 3448 406 3507 aut
429 3443 625 3526 principium
646 3466 665 3505 a
683 3442 781 3506 nullis
801 3442 875 3505 aliis
894 3442 958 3504 nisi
978 3441 1019 3504 ab
1039 3441 1227 3504 oratoribus
1248 3436 1335 3513 fiebat

210 3551 242 3614 in
268 3572 331 3633 quo
360 3571 476 3634 genere
500 3550 569 3612 solo
598 3549 744 3632 potuisse
767 3548 933 3610 Romanos
957 3568 1022 3610 non
1052 3547 1123 3608 sine
1151 3545 1259 3629 aliqua
1278 3561 1333 3606 cca·

210 3656 342 3719 fidentia
374 3678 446 3718 cum
479 3655 611 3719 Graecis
645 3653 838 3719 contendere
872 3658 908 3717 ut
939 3675 998 3717 nos
1036 3651 1270 3734 intellegimus,
1300 3648 1334 3711 is

211 3761 384 3824 identidem
410 3761 472 3843 ipsi
500 3761 640 3843 professi
665 3764 747 3825 sunt
789 3758 857 3823 Nec
880 3759 999 3842 magiS,
1029 3758 1083 3840 qui
1112 3757 1147 3821 in
1172 3750 1358 3840 eloquenl‘n¹

211 3867 428 3949 principatum
452 3866 537 3930 inter
556 3865 696 3929 Graecos
718 3869 852 3945 teneret,
876 3864 1025 3928 dubitare
1045 3885 1061 3925 e
1083 3864 1248 3928 veteribus
1269 3859 1332 3945 quir
1356 3846 1358 3851 ⁵

211 3996 324 4056 (luam,
348 3995 444 4057 quam
468 3974 522 4056 qui
545 3973 630 4036 inter
653 3973 816 4036 Romanos
841 3971 905 4034 sibi
929 3969 1122 4052 vindicaret,
1154 3971 1205 4033 vel
1227 3965 1332 4033 deditii·

211 4079 311 4141 simus
345 4080 534 4162 antiquitati
563 4079 690 4143 animus
719 4077 876 4141 Varronis
909 4075 1072 4139 haesitare
1106 4077 1231 4157 potuit:
1262 4088 1334 4158 quen

210 4187 463 4247 consentaneum
496 4188 545 4247 est
578 4183 616 4248 de
649 4205 773 4248 summo
802 4186 931 4247 oratore
964 4181 1050 4243 haud
1084 4180 1197 4263 paullo
1229 4176 1335 4245 honori

210 4290 358 4353 ficentius
383 4291 521 4354 sensisse
547 4313 644 4373 quam
667 4310 768 4371 nuper
791 4288 905 4352 sentiri
933 4287 1102 4351 internos
1127 4293 1276 4371 coeptum
1295 4287 1337 4350 est

210 4396 338 4460 Primae
358 4397 458 4480 igitur
477 4402 509 4459 et
529 4396 686 4459 secundae
705 4393 898 4457 hebdomadi
918 4393 994 4456 libri
1013 4393 1112 4474 primi
1127 4390 1339 4458 Demostheni·
