2932 5026
503 298 720 347 amaneum
743 299 932 349 unuvmnn.
1226 287 1290 353 199

133 444 297 527 promptu
325 464 395 508 ease
424 440 533 527 rideo,
559 446 596 507 ut
618 443 855 529 margaritae
880 444 1109 528 intellegantur
1134 445 1174 510 ad
1198 470 1290 514 orna-

135 554 211 613 tum
237 548 427 615 muliebrem
445 550 659 634 pertinentes:
682 572 781 635 quam
800 550 929 635 quidem
950 549 1086 634 ‘baea',
1110 552 1188 617 item
1208 552 1289 619 ‘ba-

136 654 271 719 eatus'
292 676 407 721 vonam
430 656 703 743 significationem
727 679 785 741 per
808 656 911 721 multa
935 658 1063 723 saecula
1086 659 1166 723 satis
1191 661 1289 725 usita-

138 768 211 827 tam
239 762 352 827 multis
380 765 539 849 persecuti
568 767 645 829 aunt
673 764 865 847 interpretes
888 763 1031 829 Petronii
1055 768 1122 831 Sat
1146 790 1215 851 esp.
1237 768 1289 831 55.

142 866 324 935 Fatendum
356 876 407 936 est
435 892 512 936 sane
539 873 723 958 antiquiora
752 870 889 936 Horatio
920 871 1064 957 Vergilio
1092 873 1209 939 (lvidio
1238 897 1289 938 ex-

144 977 251 1062 empla
277 978 346 1044 eius
374 977 604 1062 appellationis
631 1001 697 1044 non
725 983 862 1042 exstare:
896 1000 1092 1063 quamquam
1123 979 1227 1043 alteru
1250 1003 1288 1044 er

146 1087 237 1168 purte
265 1084 452 1169 responderi
484 1090 592 1169 potest
622 1108 661 1150 ne
692 1084 903 1169 ‘margarita'
933 1084 996 1170 (vel
1027 1084 1289 1171 ‘margaritum’j

151 1191 275 1275 quidem
311 1192 505 1257 vocabulum
537 1191 752 1277 antiquiorem
784 1190 929 1255 Varrone
962 1199 1127 1257 auctorem
1160 1193 1289 1257 habero.

155 1295 284 1363 Gravius
306 1304 367 1383 est,
389 1299 476 1385 qnod
499 1300 568 1384 ipse
592 1300 842 1385 margaritarum
867 1323 943 1364 usus
967 1324 986 1365 a
1010 1300 1159 1366 Plautina
1182 1308 1289 1366 aetate

157 1424 221 1468 esse
248 1405 370 1472 alienus
394 1406 528 1472 ridetur.
568 1404 643 1472 Non
667 1407 748 1471 satis
772 1406 901 1491 quidem
925 1406 984 1471 hae
1008 1407 1041 1471 in
1068 1429 1165 1471 causa
1191 1406 1288 1471 Plinii

158 1511 328 1578 mannonis
359 1513 484 1597 valent,
515 1515 571 1600 qui
603 1534 675 1579 oum
703 1513 758 1579 lib.
788 1512 957 1598 XXXVII,
988 1514 1027 1577 12
1058 1512 1208 1597 ‘Pompei
1236 1514 1289 1597 (de

160 1616 345 1707 Mithridate)
381 1618 550 1685 victoriam
583 1621 748 1704 primurn
782 1619 820 1685 ad
854 1620 1047 1705 margaritas
1080 1640 1289 1705 gemmasque

163 1746 254 1791 nores
278 1725 469 1792 inclinasse’
496 1725 659 1812 perhibet,
686 1726 718 1792 id
749 1728 783 1791 in
806 1749 902 1811 qumn
926 1730 1051 1811 partem
1074 1727 1288 1812 interpretan-

164 1828 228 1899 dum
250 1833 304 1919 sit,
329 1833 460 1919 planius
483 1856 500 1898 e
522 1833 579 1899 lib.
601 1833 663 1918 IX,
689 1834 752 1899 123
775 1832 987 1918 intellegitur,
1014 1832 1068 1898 ubi
1092 1835 1288 1919 margaritas

166 1934 278 2004 ‘Rornae
314 1940 349 2005 in
379 1941 640 2025 promiscuum
672 1963 714 2006 ac
747 1940 989 2025 frequentem
1021 1962 1128 2004 usum
1162 1942 1288 2006 venisse

169 2045 348 2112 Alexandrea
377 2048 411 2113 in
441 2048 600 2114 dicionem
631 2045 778 2113 redaeta’
805 2051 919 2113 narrat
941 2048 1072 2111 auotoro
1096 2046 1288 2131 Fenestella,

170 2174 243 2237 quam
265 2158 374 2220 tamen
399 2155 564 2221 manifesti
587 2156 621 2221 in
645 2176 684 2221 eo
708 2155 826 2219 erroris
850 2152 972 2239 arguit,
1000 2155 1085 2238 quod
1110 2153 1287 2238 ‘primum

171 2262 288 2346 misse
318 2264 406 2329 eirea
428 2261 564 2330 Sullana
590 2267 738 2347 tempora
765 2263 907 2329 minutas
936 2264 970 2325 et
997 2261 1078 2325 viles
1107 2261 1288 2347 tradiderit,

171 2388 225 2433 eun
239 2368 347 2436 Aelius
369 2369 453 2437 Stilo
471 2370 664 2457 Iugurthino
688 2370 774 2436 bello
799 2370 955 2435 unionum
973 2391 1091 2435 nomon
1110 2369 1288 2453 inpositum

171 2477 282 2542 mnne
308 2478 486 2564 grandibus
514 2477 698 2562 margaritis
727 2474 908 2562 prodat'.¹²)
962 2475 1053 2541 Vnde
1080 2477 1289 2560 consequitur

171 2602 228 2647 sane
257 2585 319 2650 ianr
355 2590 430 2649 ante
459 2585 538 2649 illud
566 2583 687 2648 bellum
715 2584 912 2648 minutarum
942 2588 974 2647 et
1004 2582 1116 2646 vilium
1146 2584 1287 2667 aliquem

172 2688 268 2773 saltem,
289 2714 485 2775 quamquam
510 2691 652 2757 nondum
676 2693 893 2775 promiscuum
919 2714 955 2754 ue
980 2692 1194 2773 frequentem,
1227 2691 1287 2753 llu-

171 2816 222 2858 nae
250 2820 339 2861 usum
374 2798 482 2861 fuisse.
537 2798 583 2863 At
614 2804 736 2881 quanto
770 2798 940 2860 intervallo
975 2798 1015 2859 ab
1050 2798 1109 2861 hoe
1143 2802 1287 2880 tempure

170 2898 294 2968 Plautina
317 2910 407 2968 aetas
433 2905 545 2968 ‹list-at!
575 2904 643 2969 Hae
668 2912 776 2968 runem
801 2909 907 2966 netuto
931 2904 1116 2985 irrerrgaritis
1141 2906 1287 2987 (pernitie

168 3030 193 3072 ae
211 3013 354 3097 gemmis)
379 3012 502 3075 nullum
527 3012 560 3074 in
585 3012 703 3075 mundo
730 3011 877 3074 rnrdielui
902 3011 1008 3073 loenm
1032 3012 1133 3074 fuisso
1157 3035 1228 3074 enm
1249 3036 1285 3073 ex

167 3138 193 3179 eo
215 3118 304 3184 facile
333 3119 481 3201 colligas,
509 3119 593 3201 qnod
619 3118 649 3181 in
675 3119 741 3180 eius
766 3118 874 3180 rurennli
900 3117 1169 3199 ‹leseriptionilms
1196 3117 1288 3179 Pluu-

153 3225 236 3308 ·tinis,
258 3232 292 3289 ut
317 3247 413 3307 saepe
437 3225 506 3288 auri
532 3232 564 3288 et
587 3248 759 3308 puupurae,
785 3225 828 3287 itu
854 3225 1105 3305 tranguritnrnm
1130 3245 1288 3307 rnmqrnnn

164 3331 215 3396 nlla
236 3332 356 3396 mentio
382 3336 426 3413 tit,
451 3338 518 3396 tum
539 3338 591 3395 sat
609 3338 696 3395 eerto
717 3332 788 3395 inde
810 3332 989 3407 ‹forroluelen
1014 3331 1098 3413 eprenl
1119 3331 1288 3393 dueentem

162 3438 288 3505 luxuriae
308 3461 425 3525 genere
445 3461 510 3503 non
531 3439 635 3501 minus
657 3444 781 3501 tae-etur
802 3437 834 3499 in
856 3437 926 3514 lege
947 3436 1107 3521 ttppin¹³¹]),
1131 3460 1191 3519 qna
1213 3459 1287 3500 eon-

161 3601 352 3611 ——-—-

220 3692 259 3756 12)
279 3687 403 3741 Permiro
423 3685 540 3739 artitieio
561 3686 745 3739 Fenestellam
767 3689 864 3739 eontra
878 3686 999 3739 Plinium
1015 3686 1136 3739 elet'ernlit
1156 3686 1288 3738 Poetlnns

160 3776 213 3829 dise.
231 3778 264 3831 de
283 3776 443 3831 Fenestella
463 3776 515 3833 ted.
537 3776 648 3829 llonnue
669 3793 694 3828 a.
712 3783 789 3839 lttl‘u)
805 3796 831 3843 p.
852 3786 893 3839 38,
914 3776 1040 3829 immixta
1061 3776 1129 3827 dno:
1150 3775 1288 3827 Snlrnusio

158 3865 240 3920 Exere.
259 3866 330 3921 Plin.
356 3866 395 3934 'p.
416 3865 477 3918 ila'
499 3864 594 3931 (immo
620 3884 646 3933 p.
667 3873 730 3931 1122)
750 3884 784 3918 ea
805 3866 892 3919 ‘terrio'
916 3866 989 3918 vna
1008 3863 1211 3931 significatione
1232 3883 1286 3931 qnu

159 3960 248 4021 aequat
266 3972 369 4024 caepae
395 3954 544 4009 notionem.
573 3986 594 3991 —
628 3955 774 4008 llereklini
793 3956 827 4009 de
849 3955 1005 4009 Peru-stella
1024 3954 1287 4008 eorrrrrrentutiouem

158 4060 295 4114 nrrmqnarn
314 4044 380 4097 ridi.

222 4157 260 4217 13)
280 4153 374 4206 Monet
398 4170 441 4205 rna
465 4156 559 4205 tanuen
580 4153 727 4206 Marnieius
750 4150 877 4219 l'oigtins
903 4170 955 4204 non
975 4150 1138 4219 pertinuisse.
1158 4149 1228 4201 leuen
1251 4150 1286 4201 le.

159 4256 214 4299 aen
235 4242 267 4295 ad
289 4241 449 4311 peregrinas
469 4241 573 4294 Rornae
592 4242 738 4309 (legumes,
762 4241 872 4308 ‹putzernlo
892 4240 965 4309 npml
986 4241 1074 4307 ipsum
1097 4238 1204 4291 bivium
1226 4257 1286 4307 νειμ,

161 4332 211 4387 Li
231 4331 374 4385 'sociorum
396 4330 477 4384 latini
497 4330 616 4383 nominis
636 4331 765 4383 erroribus
785 4330 891 4396 eaelum,
911 4347 982 4397 quem
998 4327 1129 4383 llonnmis
1145 4328 1285 4395 uelennptu.

161 4426 307 4473 omamenta
326 4437 386 4473 esse
406 4419 545 4472 correesaa’
567 4418 702 4472 dicuutur.
