2956 5018
186 311 251 377 552
515 329 631 376 usumr
655 314 798 376 vannos
824 329 1001 377 runcinum

185 472 380 536 rhetoricam
404 495 475 536 eum
500 473 686 557 eloquentia
710 473 849 537 sociaret
870 472 973 537 multo
998 470 1080 536 adeo
1104 472 1168 537 nisi
1192 471 1326 537 fallimur

185 579 450 643 convenientius?
479 578 529 641 vel
557 578 651 641 unius
681 578 929 643 mathematicae
957 578 1093 644 notione
1122 578 1329 664 geometriam

186 690 219 749 et
242 684 479 750 arithmeticam
507 685 813 768 comprehenderet?
842 686 893 749 vel
923 685 963 749 ad
991 685 1212 770 geometriam
1239 687 1332 751 etiam

186 792 398 875 astrologiam
415 790 562 855 referret:
582 793 666 875 quod
682 815 744 875 quo
760 793 828 856 iure
844 792 997 872 dicamus,
1012 792 1047 855 in
1063 792 1337 857 commentatione

186 921 210 962 s.
234 920 258 961 s.
288 897 368 961 satis
397 897 597 962 declaratum
626 902 676 962 est
704 921 733 981 p.
757 899 777 961 3
805 897 884 980 [354
894 900 955 984 sq]
981 901 1067 982 etp.
1092 899 1136 963 39
1157 898 1254 980 [387]
1277 920 1338 984 sq:

185 1004 235 1067 vel
255 1004 282 1066 si
303 1025 385 1087 quae
405 1005 543 1088 eogitari
563 1005 683 1069 similia
702 1009 848 1088 possunt.
877 1005 904 1068 Ε
920 1006 1037 1089 quibus
1057 1027 1148 1070 nunc
1162 1028 1265 1069 unum
1277 1006 1339 1073 hoc

186 1109 345 1194 addimus,
379 1111 573 1176 rhetoricam
606 1112 746 1176 fortasse
774 1134 834 1177 nee
862 1134 934 1177 cum
963 1112 1152 1196 disciplinis
1180 1134 1241 1177 uec
1267 1134 1337 1181 cum

186 1217 370 1300 eloquentia
401 1217 560 1283 coaluisse
588 1219 674 1301 apud
702 1217 898 1301 Varronem,
931 1220 986 1283 sed
1021 1241 1093 1284 eum
1128 1220 1202 1303 ipsa
1235 1218 1332 1303 phile

186 1324 316 1408 sophia:
354 1326 482 1408 quando
520 1324 553 1388 in
591 1323 789 1389 hebdomade
827 1324 1102 1409 philosophorum
1141 1323 1328 1410 Symmacho

185 1433 270 1494 teste
299 1432 392 1514 epist.
420 1430 449 1514 I,
473 1433 493 1495 4
522 1454 593 1495 cum
622 1431 849 1516 Pythagora
881 1431 952 1515 ‘qui
980 1432 1108 1496 animas
1138 1432 1175 1496 in
1203 1436 1321 1497 ceterui-

76 1562 79 1569 ·
185 1541 288 1601 tatem
316 1539 440 1621 primus
464 1537 636 1619 asseruit',
664 1542 697 1601 et
718 1537 881 1601 Platone
911 1537 980 1622 ‘qui
1009 1538 1088 1603 deos
1114 1535 1188 1603 esse
1210 1561 1318 1623 persus·

187 1643 264 1727 sit’,
301 1644 541 1709 Aristoteles
580 1642 836 1727 componebatur
871 1649 908 1708 ut
949 1643 1025 1727 ‘qui
1063 1649 1217 1710 naturam
1255 1646 1316 1710 bene

186 1750 340 1834 loquendi
364 1751 397 1814 in
418 1756 520 1815 artem
540 1748 748 1834 redegisset':
773 1751 868 1815 modo
888 1750 1046 1816 Varronis
1071 1751 1155 1816 haee
1176 1753 1249 1836 sint,
1268 1774 1314 1817 non

187 1857 289 1941 ipsius
323 1857 511 1941 Symmachi
545 1857 659 1941 clogia.
700 1856 840 1920 Tantum
874 1861 982 1922 autem
1015 1857 1252 1922 dubitationem
1278 1857 1313 1921 rix

187 1963 299 2046 habet,
341 1964 428 2048 quin·
456 1985 567 2026 corum
605 1964 759 2045 quattuor
795 1982 964 2046 generum,
1007 1983 1090 2046 quae
1133 1965 1313 2029 continentrr

188 2069 425 2155 grammaticis,
452 2070 597 2145 musicis,
625 2068 769 2150 medicis,
804 2067 1004 2152 architectis,
1035 2069 1178 2155 insignis
1205 2070 1312 2135 ubertas

189 2177 334 2259 integras
368 2174 432 2239 sibi
462 2174 680 2240 hebdomadas
713 2174 911 2257 poposcerit:
944 2174 976 2237 id
1010 2175 1096 2257 quod
1126 2180 1214 2240 certo
1243 2174 1311 2240 testi·

188 2280 299 2346 monio
322 2281 361 2345 de
385 2281 570 2346 architectis
595 2285 733 2364 constat,
757 2283 808 2343 sat
826 2280 966 2344 evidenti
986 2281 1175 2347 coniectura
1197 2281 1312 2347 creditu

188 2389 227 2452 de
250 2388 392 2453 medicis.

278 2495 368 2560 Haec
391 2496 492 2579 igitur
516 2495 543 2559 si
567 2518 632 2559 non
657 2516 769 2558 sumus
793 2498 922 2577 praeter
945 2494 1214 2577 probabilitatem
1235 2494 1313 2559 ratio·

189 2601 302 2685 einati,
330 2623 528 2685 consequens
557 2600 697 2684 primum
724 2600 786 2664 hoc
810 2603 861 2664 est
882 2603 919 2664 ut
946 2601 1080 2683 proprio
1105 2601 1185 2665 artis
1207 2601 1314 2666 nomine

189 2707 348 2791 insignita
378 2705 516 2769 facultas
549 2705 691 2770 humana
722 2706 763 2769 ab
793 2705 1023 2788 architectura,
1058 2729 1158 2791 quam
1184 2730 1240 2773 nos
1263 2706 1314 2770 fere

191 2814 313 2878 sociare
341 2835 413 2875 cum
442 2812 497 2875 illa
526 2812 764 2894 consuevimus,
793 2834 925 2894 prorsus
955 2817 1112 2895 separata·
1135 2813 1244 2878 fuerit:
1270 2832 1314 2877 uec

190 2919 327 2982 sociavit
358 2918 492 2982 Plinius.
545 2919 694 2982 Alterum
731 2921 799 2996 cst,
836 2923 872 2981 ut
909 2940 973 2982 una
1011 2940 1084 2982 eum
1123 2919 1315 2985 architectura

190 3029 312 3088 ceteras
336 3024 526 3106 disciplinas
550 3025 698 3108 quintam
722 3024 880 3089 librorum
904 3024 1041 3108 dyadem
1066 3024 1224 3092 Varronis
1246 3046 1316 3090 oocu-

190 3151 284 3213 passe
316 3130 535 3214 intellegatur.
574 3131 665 3206 Quod
694 3133 721 3195 si
751 3132 799 3194 ita
827 3135 892 3213 est,
925 3135 1091 3213 tamquam
1120 3133 1256 3216 quadam
1277 3153 1317 3195 ne

191 3237 342 3300 cessitate
371 3237 411 3300 ad
439 3238 620 3301 naturalem
650 3238 794 3301 ordinem
826 3238 1028 3321 singulorum
1062 3239 1208 3322 capitum
1238 3240 1317 3305 talem

116 3369 127 3387 ·
190 3344 338 3434 ducimur
360 3345 488 3429 qualem
516 3344 601 3408 infra
629 3344 803 3426 posuimus.
845 3342 976 3406 Etenim
1005 3342 1086 3426 dyas
1111 3345 1247 3429 prima,
1270 3343 1319 3409 nisi

191 3452 326 3515 mirifice
358 3451 444 3515 fallit
477 3451 601 3534 opime,
638 3450 718 3532 ipsis
750 3470 858 3513 rerum
892 3449 1109 3515 humanarum
1144 3451 1319 3516 culminibus

191 3559 299 3623 dicata
328 3563 410 3641 erat,
439 3560 570 3642 regibus
600 3560 632 3620 et
659 3557 925 3640 imperatoribus:
959 3559 1132 3622 secunda
1160 3558 1321 3642 sapientiae

191 3664 296 3728 civilis
312 3664 504 3727 luminibus:
523 3663 644 3727 tertia
659 3663 776 3745 poetis:
796 3663 1010 3745 scriptoribus
1030 3669 1185 3746 quarta:
1205 3664 1323 3748 quinta

191 3770 384 3834 inlustribus
417 3769 451 3831 in
489 3769 731 3852 disciplinarum
769 3788 885 3851 genere
903 3768 1092 3850 ¹enemplis:
1131 3775 1240 3834 sexta
1267 3771 1323 3833 arte

191 3875 302 3938 claris:
330 3876 496 3957 septima
524 3876 725 3958 promiscuae
749 3874 900 3937 varietati
930 3874 1038 3958 aliquo
1063 3875 1161 3939 modo
1186 3896 1324 3940 memora·

143 3982 306 4045 utilium
347 3981 513 4073 hominum
551 3982 672 4044 relicta.
723 3981 827 4055 Quam
864 3981 967 4063 ipsam
1010 3981 1204 4046 varietatem
1245 3979 1324 4046 facile

191 4091 328 4170 apparet
358 4091 483 4151 tantam
516 4108 696 4169 superesse,
733 4090 770 4149 ut
801 4110 867 4150 non
904 4087 938 4149 in
972 4088 1196 4171 conquirenda
1231 4088 1323 4174 potius

192 4216 289 4278 quam
322 4195 356 4256 in
390 4192 608 4257 contrahenda
641 4194 777 4256 materia
805 4192 943 4257 Varroni
977 4195 1212 4260 elaborandum
1243 4195 1323 4259 esset

191 4299 304 4384 Neque
328 4300 414 4363 enim
438 4300 531 4382 alius,
556 4300 697 4364 simodo
722 4300 840 4383 aliquis
861 4304 940 4378 crat,
964 4301 1055 4365 loeus
1075 4324 1245 4368 concessus
1266 4318 1323 4365 esse

192 4407 282 4470 velut
311 4406 415 4493 magis
443 4411 476 4472 et
504 4406 724 4471 sacerdotibus
752 4406 860 4487 potuit
887 4406 1082 4491 natibusque
1115 4413 1148 4473 et
1177 4407 1321 4473 ebresme
