2932 5026
175 111 241 175 292
586 129 634 175 ua
658 128 912 177 nuaunfflona

173 268 281 321 66666
303 267 393 334 Guelf.
412 273 478 323 LA
591 274 623 322 66
643 268 712 339 iam]
732 269 789 324 iam
807 285 921 338 peream
939 283 1013 322 ansas
1030 266 1121 321 Boed.
1237 285 1319 322 unum

174 357 239 411 ΑΕ.
259 357 348 412 ullum
362 355 482 423 BODF,
507 357 755 412 τ616616666666161
769 363 794 413 61
807 359 892 412 multo
903 357 1012 426 plures’
1034 355 1134 421 Besstl„
1148 355 1218 426 Rea.
1229 356 1322 421 Lina,

173 446 287 515 quidam
310 445 402 519 West„
427 445 554 500 Berotl
676 448 741 515 post
763 445 815 501 hec
841 445 872 498 Ε
991 444 1025 500 66
1053 462 1089 499 nn
1113 445 1182 516 non]
1210 445 1249 500 ah
1267 461 1322 500 non

176 534 279 589 Pata
406 537 503 604 repeto
521 536 557 589 A.
586 537 702 605 repeton
720 534 845 589 BDDF.
877 535 1012 604 reppeton
1032 532 1061 589 0.
1095 536 1216 603 repeton
1233 533 1323 589 lilium

174 621 255 678 Bodl.
281 623 362 677 Wrst.
480 629 513 678 67
542 626 655 694 aegrest
671 626 707 678 A.
741 640 825 694 aegre
848 626 892 679 est
912 624 971 679 rell.
1080 640 1125 677 em
1143 625 1181 678 A.
1210 624 1277 679 hem
1295 622 1326 676 Ε

175 717 199 766 et
216 728 283 781 carp.
303 712 341 766 D.
369 712 425 767 iarn
446 713 508 767 Pal.
524 719 551 769 2.
567 718 593 779 4,
611 713 726 779 Boend„
745 714 874 780 (166112.
903 729 953 768 om.
974 712 1063 780 0DF,
1081 713 1181 769 Graec.
1201 713 1325 769 Reddet

175 801 283 856 61661.
308 801 399 868 West„
418 803 509 869 Gucls.
529 807 546 856 3
654 809 688 858 68
707 802 751 856 dis
769 802 836 856 ΑΕ.
863 801 918 857 diis
936 803 994 857 rell.
1102 802 1210 874 gratia]
1229 802 1325 873 gratia

176 890 305 945 habenda
322 893 435 961 quidam
455 891 537 946 West.
629 896 663 946 69
683 894 712 946 61
729 891 783 946 1616
802 891 893 958 (16611
913 897 933 948 2
1022 891 1087 962 iste]
1105 891 1167 962 ipse
1186 891 1219 945 Ε

175 1013 368 1083 ipsesesentiet
386 1013 413 1068 A
535 1014 642 1070 senciet
660 1015 690 1068 Ε
807 1021 841 1071 60
864 984 960 1086 mais
980 1015 1008 1071 0.
1037 1007 1152 1086 grauius
1170 1016 1323 1088 quicquam

175 1103 213 1168 Ε,
232 1103 323 1171 Gucls.
344 1109 367 1158 1.
387 1109 417 1170 2,
435 1105 550 1173 quidam
574 1103 655 1158 West.
774 1111 806 1159 61
826 1102 867 1159 nil
886 1104 923 1161 D.
951 1101 1023 1158 nihil
1041 1104 1098 1157 rell.
1208 1107 1282 1162 haec
1296 1106 1325 1161 D

175 1209 209 1246 m.
228 1209 279 1247 rec.
299 1195 331 1247 ia
348 1210 414 1263 mrp.
448 1193 500 1248 hec
519 1193 549 1246 Ε
682 1209 736 1262 que
755 1193 786 1245 E
918 1199 952 1249 62
980 1193 1052 1248 nihil
1069 1195 1166 1261 666111,
1186 1195 1218 1248 F

175 1282 305 1338 molestia
322 1282 352 1335 D
458 1282 507 1338 sed
525 1284 621 1349 nostri,
640 1282 672 1336 F
776 1289 809 1338 63
830 1301 912 1354 egere
931 1284 961 1337 Ε
1066 1282 1138 1338 11661
1154 1285 1191 1338 A.
1220 1283 1264 1338 ita
1281 1287 1326 1338 eat

175 1373 231 1427 rell.
349 1378 383 1426 64
410 1372 485 1439 quod
504 1371 539 1426 A.
578 1388 641 1425 cum
664 1373 721 1425 rell.
741 1376 765 1426 et
782 1389 834 1427 rec.
852 1390 887 1428 m.
905 1389 966 1442 sup.
985 1388 1037 1428 scr.
1056 1373 1083 1426 A
1220 1373 1322 1442 placeo

176 1461 300 1530 ‘optimi'
326 1460 408 1518 West.
422 1461 513 1529 praes.
531 1477 560 1529 p.
581 1460 665 1513 IIII
770 1461 903 1516 aduorsor
921 1460 986 1516 AD.
1014 1461 1148 1516 adueraor
1165 1462 1224 1518 rell.

175 1618 294 1674 augeam
312 1602 383 1657 iram
402 1604 460 1657 Aut
479 1603 581 1659 Pata
703 1601 813 1657 661661
831 1602 943 1658 adiutor
961 1603 1087 1669 (166112
1210 1552 1324 1660 6111111111

175 1691 290 1752 (161161
380 1691 523 1746 iracundie
542 1691 573 1744 Ε
675 1698 708 1746 67
727 1691 854 1747 aescinus
873 1693 904 1745 E
1005 1698 1039 1747 68
1058 1691 1139 1748 nobie
1156 1709 1219 1765 sap.
1233 1694 1324 1750 seat}

282 1816 369 1872 faciat
389 1817 478 1886 Gucls.
499 1823 514 1870 1
642 1823 673 1870 71
694 1797 831 1872 taedibat
848 1818 885 1874 D.
904 1817 1022 1872 tedebat
1040 1816 1122 1871 DOE
1234 1817 1322 1889 ualle]

175 1920 288 2032 uenis?
300 1961 328 2016 6.
357 1961 431 2017 usus
451 1978 480 2016 se
499 1961 590 2027 666.
609 1966 635 2013 1.
653 1965 674 2015 a
797 1966 829 2015 rs
849 1960 1000 2015 666666
1020 1960 1138 2016 Aona.
1167 1960 1324 2016 666666

175 2050 240 2107 ΒΕ.
269 2050 438 2105 deferbuisse
458 2049 521 2104 Pal.
541 2049 699 2118 aquidum
722 2048 803 2103 Wcst.
833 2048 1001 2116 deferuniase
1021 2049 1151 2117 (166112.
1180 2049 1325 2105 deseruirc

176 2140 239 2196 Pol.
259 2145 284 2195 3.
321 2139 478 2195 desecuisse
499 2139 577 2194 ‘olii'
604 2138 685 2194 West.
794 2139 1015 2195 adolescentiam
1034 2139 1070 2194 F.
1098 2137 1325 2194 adolescenciam

175 2229 206 2282 Ε
303 2236 336 2285 ’13
356 2229 526 2300 gaudebam]
546 2228 693 2284 credebam
714 2227 807 2285 Pota
910 2229 1005 2283 autem
1023 2244 1058 2283 m.
1077 2244 1126 2284 sec.
1140 2227 1224 2282 Boas
1241 2227 1326 2284 West.

282 2317 347 2390 nisi]
366 2318 397 2373 ni
417 2318 480 2374 Pol.
495 2324 521 2374 3.
550 2318 597 2374 sed
620 2317 682 2373 Pal.
697 2323 723 2384 4,
743 2317 868 2384 Gurls.2
979 2322 1013 2371 '14
1032 2318 1102 2386 aput
1114 2317 1150 2370 A.
1174 2315 1252 2386 apud
1266 2316 1327 2371 rell.

281 2408 401 2463 forumst
418 2409 453 2463 A.
482 2407 573 2463 forum
593 2411 636 2462 est
654 2409 711 2463 rell.

265 2499 370 2567 Viden
393 2499 553 2565 Faernum
577 2523 673 2585 quam
697 2504 783 2566 recte
807 2522 939 2566 suorum
962 2499 1118 2564 librorum
1141 2497 1327 2581 scripturas

176 2606 209 2670 in
225 2606 368 2672 Terentii
393 2609 566 2673 editionem
591 2613 647 2673 aut
670 2608 828 2691 recepisse
852 2611 910 2671 aut
932 2605 1141 2671 annotatione
1161 2602 1327 2669 indicasse

176 2713 321 2778 Ritterus
350 2714 449 2797 praef.
473 2713 572 2778 Andr.
596 2715 705 2779 dicat?
750 2714 836 2780 Nam
862 2718 899 2778 61
922 2713 1034 2797 paucis
1058 2710 1328 2795 complectamur,

176 2824 306 2902 praeter
333 2841 433 2883 unum
456 2818 632 2885 Halensem
660 2820 846 2885 nullasdum
870 2819 1012 2885 Terentii
1040 2818 1122 2883 liber
1149 2840 1208 2882 ms.
1233 2819 1283 2882 ita
1306 2840 1329 2883 a

176 2948 338 3011 quoquam
356 2928 407 2990 est
425 2926 572 3009 collatus,
595 2931 632 2991 ut
650 2930 770 2991 certum
791 2931 824 2992 et
842 2928 984 3012 plenum,
1006 2924 1109 3009 pauci,
1131 2928 1169 2989 ut
1187 2924 1326 3010 aliquod

177 3033 215 3097 de
238 3057 349 3100 eorum
371 3033 480 3099 indole
503 3033 656 3098 iudicium
681 3033 749 3098 fieri
769 3036 882 3119 possit.
914 3032 1045 3117 Insigne
1064 3031 1159 3101 istius
1177 3031 1327 3096 incuriae

176 3141 403 3207 documentum
436 3162 461 3205 e.
490 3162 515 3204 c.
548 3138 610 3204 hoc
643 3145 763 3222 exstat,
796 3140 881 3224 quod
914 3142 998 3204 terni
1027 3137 1275 3222 Guelferbytani
1304 3159 1327 3202 a

177 3248 296 3316 Bothio
326 3255 358 3314 et
381 3248 510 3314 Perleto
540 3247 688 3331 usurpati
716 3246 855 3312 iidemne
884 3270 925 3312 an
952 3267 1018 3311 non
1045 3245 1124 3328 sint,
1156 3266 1195 3308 ex
1219 3244 1327 3309 allata

177 3357 306 3440 quidem
330 3356 508 3438 scripturae
532 3353 750 3437 discrepantia
772 3354 861 3419 nullo
885 3353 981 3419 modo
1006 3355 1155 3436 apparet:
1183 3373 1257 3416 cum
1280 3372 1327 3415 ne

176 3463 254 3527 illud
288 3459 431 3544 quidem,
463 3482 536 3524 cum
569 3460 686 3545 quibus
720 3461 875 3543 exemplis
911 3458 1077 3543 impressis
1113 3456 1326 3540 contulerint,

175 3573 330 3634 testatum
353 3567 538 3632 habeamus.
574 3565 619 3630 Et
641 3571 751 3631 tamen
774 3567 848 3651 plus
871 3566 1025 3650 prodesse
1048 3586 1130 3629 unus
1149 3563 1326 3628 mediocris

176 3675 260 3740 solet
289 3674 461 3759 diligenter
489 3695 642 3737 excussus
665 3695 761 3756 quam
785 3672 899 3743 leviter
922 3676 956 3737 et
978 3672 1159 3756 prorniscue
1182 3669 1325 3753 inspecti

176 3781 252 3845 boni
276 3781 393 3861 decem.
430 3780 544 3865 Itaque
567 3778 651 3844 nihil
674 3783 784 3862 potest
807 3779 988 3862 imperitius
1013 3798 1092 3860 esse,
1114 3797 1211 3860 quarn
1235 3774 1325 3859 quod

176 3886 309 3971 quisque
333 3909 463 3951 suorum
489 3886 696 3970 potissimum
721 3886 875 3969 codicum,
899 3907 978 3969 quos
1001 3907 1067 3950 non
1090 3882 1173 3948 ratio
1197 3879 1327 3945 dederit

136 4011 163 4052 10
176 3993 231 4057 sed
255 3993 322 4057 fors
346 3993 509 4073 obiecerit,
533 3992 768 4077 praestantiam
792 3996 906 4075 iactat,
929 3991 1062 4057 minime
1085 3988 1227 4072 reliquos
1251 4008 1324 4071 per-

177 4105 354 4184 scrutatus;
387 4098 468 4163 nihil
496 4099 601 4184 magis
625 4099 795 4163 ridiculum
819 4120 914 4182 quam
939 4097 1025 4182 quod
1048 4096 1143 4160 istius
1168 4093 1322 4158 nimirum

176 4207 394 4291 praestantiae
418 4207 545 4271 laudem
570 4227 607 4270 eo
630 4205 697 4269 fere
721 4206 895 4288 probatum
920 4209 1007 4288 eunt,
1030 4208 1066 4269 ut
1087 4223 1177 4284 61666
1198 4222 1324 4266 666666-
