2932 5026
280 107 346 170 220
671 123 707 169 nu
730 124 841 171 visan
865 124 1030 172 nnannnn

279 266 396 331 teriora
415 267 499 331 libro
519 265 710 350 deprompta
729 271 804 333 sunt
827 271 863 332 ut
881 291 912 351 p.
926 268 1000 351 205,
1016 269 1058 332 10
1081 273 1110 332 01
1131 267 1296 351 0011101110,
1318 270 1416 358 206,4

279 376 365 457 pisus
382 374 527 440 acute:
551 374 652 438 multo
671 374 765 458 plura
783 397 849 440 non
872 396 889 438 e
912 375 1055 459 perbono
1074 377 1213 459 tantum,
1236 377 1293 442 sed
1315 399 1332 441 c
1352 384 1412 445 tam

280 481 379 546 simili
405 481 522 545 veteris
545 479 688 546 Parisini
717 484 843 546 utnon
866 481 971 565 possit
993 503 1059 546 non
1082 504 1141 566 pro
1165 482 1280 549 eodem
1302 484 1410 550 haberi.

280 589 482 654 Documento
500 586 581 652 haec
600 591 711 653 sunto:
734 611 765 672 p.
779 588 889 672 206,3
907 588 951 672 oh,
970 588 1100 670 207,11
1121 591 1272 675 omnium,
1292 591 1410 658 12101·
1441 606 1444 611 ·

279 696 339 773 101,
362 696 465 779 208,1
485 699 631 778 merctur,
655 694 730 760 3101
746 700 797 777 cst,
820 696 1125 779 decrementoque,
1147 697 1256 781 211,2
1279 699 1412 781 amhn,

280 802 353 885 213,
378 803 396 865 7
412 802 492 885 11010,
510 803 530 867 8
546 807 579 867 tu
598 805 633 867 ia
649 803 851 884 summis[s]o,
874 802 980 886 214,3
994 802 1082 886 lato,
1104 802 1126 867 5
1143 805 1180 867 ia
1197 805 1324 869 0011000.
1349 803 1412 883 Quo

280 909 385 973 minus
405 908 516 973 dubito
537 908 577 973 ad
596 910 702 995 ipsum
721 907 905 974 Parisinum
929 909 961 973 A
983 909 1103 973 referre
1126 932 1210 996 quac
1233 911 1272 976 de
1295 914 1414 978 vetusto

280 1015 417 1099 quodam
438 1016 612 1100 exemplari
632 1038 691 1082 suo
711 1014 896 1102 Stephanus
915 1016 948 1080 in
968 1015 1169 1100 piaefatione
1188 1017 1339 1101 prodidit
1367 1016 1416 1085 lbi

163 1199 170 1209 ι
278 1122 362 1186 enim
382 1127 557 1208 postquam
570 1121 692 1188 Donati
711 1123 960 1188 commentarios
975 1127 1045 1188 tu'm
1060 1122 1201 1209 primum
1216 1124 1418 1213 instauratos,

278 1228 435 1295 discretos
459 1231 702 1316 distinctasque,
724 1229 760 1293 in
783 1228 928 1295 ordinem
951 1252 1044 1294 suum
1068 1230 1228 1315 redactos,
1251 1254 1271 1296 a
1293 1254 1419 1320 corrup·
1448 1294 1452 1307 ,

279 1336 350 1400 telis
370 1337 536 1423 liberatos,
559 1339 726 1424 suppletas
746 1338 907 1423 gloriatus
927 1341 986 1421 est,
1005 1337 1114 1423 pergit
1127 1336 1162 1402 in
1176 1337 1263 1404 hunc
1278 1339 1422 1411 modum:

279 1440 464 1510 ‘Postremo
487 1447 632 1531 reposita
656 1466 774 1530 graeca
796 1448 897 1532 prope
921 1444 1040 1530 omnia,
1063 1466 1121 1528 pro
1144 1444 1263 1528 quihus
1287 1449 1424 1516 antehac

279 1551 387 1615 excusi
419 1551 545 1618 codices
576 1552 700 1617 lacunis
729 1552 796 1616 fere
827 1553 1008 1618 scatebant
1062 1551 1153 1618 Haec
1185 1553 1273 1619 enim
1306 1555 1425 1623 laboris

278 1679 353 1739 pars
389 1659 631 1742 operosissima·
656 1659 732 1724 fuit:
770 1681 843 1724 cum
881 1660 915 1723 in
948 1663 1077 1725 vetusto
1114 1660 1292 1745 exemplari
1330 1684 1427 1729 mann

278 1763 397 1847 scripto
421 1762 521 1849 (quod
543 1767 637 1831 nobis
661 1769 733 1830 0101
757 1788 795 1830 ex
819 1765 903 1832 dono
926 1765 1036 1832 lodoci
1059 1765 1154 1850 Badij
1180 1767 1299 1851 optimi
1323 1767 1428 1836 soceri

277 1871 395 1954 nostri,
423 1871 526 1957 deque
555 1873 688 1957 optimis
712 1873 828 1957 studijs
852 1873 886 1937 in
911 1873 1000 1939 omni
1025 1873 1093 1939 vita
1115 1872 1197 1938 bene
1219 1873 1348 1962 meriti)
1371 1875 1428 1942 oh·

278 2000 371 2042 scura
398 1983 526 2045 tantum
556 1984 717 2045 restarent
741 1980 881 2065 vestigia
904 2000 1093 2064 graecarum
1117 1981 1302 2046 literarum:
1335 2002 1428 2067 quaa,

276 2085 341 2149 nisi
365 2085 406 2150 ab
430 2085 560 2152 homine
583 2087 704 2171 perito,
739 2086 878 2152 diuinari
901 2109 967 2153 non
991 2092 1152 2172 poterant
1198 2086 1290 2164 Quas
1314 2088 1429 2155 omnia

278 2193 311 2256 in
330 2192 474 2258 fauorem
494 2197 526 2259 et
547 2194 727 2259 subsidium
742 2195 963 2260 studiosorum
977 2196 1141 2279 praestitit
1155 2194 1290 2281 qnidam
1303 2199 1428 2281 noster,

278 2300 343 2365 imo
367 2301 546 2366 eommunis
570 2301 686 2386 optimi
709 2302 864 2387 cuiusque
888 2302 1019 2386 amicus,
1042 2303 1158 2386 graece
1181 2323 1219 2367 ac
1241 2301 1350 2367 latine
1373 2302 1428 2369 do-

278 2406 455 2473 ctissimus:
480 2409 534 2494 qui
555 2407 638 2473 hanc
658 2407 801 2492 suscepit
815 2406 1074 2473 emendationem
1088 2407 1222 2493 antiquo
1238 2407 1307 2487 illo,
1328 2431 1428 2495 quern

277 2513 353 2597 dixi,
375 2515 582 2599 potissimum
605 2515 707 2580 fretus
732 2513 915 2600 archetypo.
954 2512 1053 2580 Cuius
1076 2513 1172 2579 fidem
1195 2514 1259 2580 etsi
1281 2516 1316 2580 in
1340 2516 1429 2601 plaa-

277 2621 385 2706 risque
414 2625 543 2687 secutus
571 2625 635 2687 est:
666 2623 700 2687 in
728 2622 877 2706 plurimis
908 2627 1018 2687 tamen
1047 2626 1098 2687 est
1127 2645 1205 2687 usus
1235 2623 1430 2691 coniectura

278 2749 348 2791 sua:
382 2733 544 2794 caeterum
572 2751 638 2794 non
666 2729 734 2793 sine
763 2729 934 2808 acerrimo,
966 2752 1029 2814 quo
1057 2731 1091 2794 in
1119 2729 1233 2814 primis
1257 2729 1429 2815 praeditus

278 2837 340 2916 est,
368 2834 509 2899 iudicio?
555 2835 620 2899 Vbi
644 2833 747 2915 ‘Quae
768 2834 890 2899 onenw'
919 2857 992 2900 cum
1016 2837 1108 2921 dicit,
1140 2858 1207 2902 non
1235 2836 1277 2901 ud
1300 2835 1431 2904 Graeca

277 2943 405 3004 tantum
428 2940 485 3005 illa
504 2940 706 3026 Stephanum
730 2943 896 3027 respicere,
920 2940 976 3006 sed
996 2942 1091 3007 simul
1110 2943 1151 3008 ad
1171 2946 1297 3009 ceteras
1316 2965 1428 3011 emen·

276 3047 416 3114 dationis
439 3053 548 3132 partes
573 3053 670 3114 antea
692 3053 971 3134 commemoratas,
994 3072 1045 3113 res
1068 3050 1140 3133 ipsa
1163 3049 1320 3134 loquitur.
1368 3049 1428 3118 Ge-

276 3158 380 3220 terum
399 3155 493 3221 illum
513 3155 688 3243 ‘quendam
707 3161 865 3240 nostrum,
888 3157 954 3221 imo
974 3157 1089 3242 optimi
1109 3157 1263 3243 cuiusque
1283 3159 1428 3226 amicum

275 3282 391 3346 graece
414 3286 451 3327 sc
475 3264 576 3328 latine
600 3262 842 3328 doctissimum'
862 3262 1000 3328 lacobus
1016 3262 1216 3348 Bernaysius
1238 3268 1429 3351 suspicatur

276 3391 342 3433 non
366 3371 466 3434 alium
490 3370 554 3434 nisi
578 3369 776 3435 Guilelmum
799 3367 994 3435 Budaeum
1018 3392 1097 3434 esse.

366 3479 444 3543 Post
467 3478 668 3563 Stephanum
696 3478 736 3542 ad
765 3477 997 3551 emendandam
1024 3477 1108 3543 hanc
1137 3478 1239 3543 vitam
1263 3501 1428 3566 perpauca

277 3587 327 3651 vel
347 3585 533 3651 Desiderius
556 3584 742 3651 Erasmus
765 3586 800 3650 in
816 3585 996 3651 Basileensi
1011 3584 1216 3651 Frobeniana
1234 3588 1312 3652 anni
1330 3589 1428 3673 1532,

224 3711 263 3751 esc
278 3693 329 3756 vel
353 3693 386 3757 in
401 3691 529 3758 Veneta
544 3691 664 3757 Aldina
686 3692 762 3756 anni
789 3692 873 3758 1555
897 3691 1059 3758 Antonius
1079 3691 1253 3759 Muretus
1277 3694 1425 3763 contulit

276 3799 382 3866 Huius
406 3800 492 3866 enim
515 3799 684 3864 dumtaxat
706 3798 787 3864 dnae
811 3799 943 3865 fuerunt
965 3801 1152 3884 probabiles
1170 3800 1425 3887 emendationes,

275 3930 306 3991 p.
330 3908 444 3989 206,1
468 3908 744 3985 000010011010001,
768 3906 986 3989 21050100
1009 3905 1098 3971 illius
1122 3929 1187 3972 nna
1210 3906 1427 3974 0010800110

276 4038 306 4099 p.
321 4016 430 4097 210,8
454 4015 540 4078 inter
562 4036 679 4098 pravas
703 4015 753 4078 vel
778 4015 908 4079 inutiles
932 4015 1114 4098 complures
1137 4016 1259 4099 p.211‚
1276 4015 1327 4079 12.
1351 4015 1426 4099 214,

276 4123 306 4186 4.
322 4122 396 4204 56,
421 4143 484 4205 quo
508 4120 607 4184 etiam
631 4122 834 4205 propositum
860 4121 893 4185 in
917 4121 1062 4204 margine
1085 4143 1116 4204 p.
1136 4121 1211 4202 214,
1230 4120 1248 4184 7
1272 4120 1329 4202 oui
1351 4121 1427 4185 11110

269 4229 397 4314 prpulit
419 4227 575 4294 consultus
597 4228 691 4292 dabat
712 4227 862 4311 pertinet
899 4225 969 4291 Has
993 4230 1102 4291 autem
1125 4225 1257 4311 nequis
1281 4226 1368 4292 forte
1391 4227 1426 4292 in
