<?xml version="1.0" encoding="UTF-8"?>
<!DOCTYPE html PUBLIC "-//W3C//DTD XHTML 1.0 Transitional//EN"
    "http://www.w3.org/TR/xhtml1/DTD/xhtml1-transitional.dtd">
<html xmlns="http://www.w3.org/1999/xhtml" xml:lang="en" lang="en">
 <head>
  <title>
</title>
<meta http-equiv="Content-Type" content="text/html;charset=utf-8" />
  <meta name='ocr-system' content='tesseract 3.04.00' />
  <meta name='ocr-capabilities' content='ocr_page ocr_carea ocr_par ocr_line ocrx_word'/>
</head>
<body>
  <div class='ocr_page' id='page_1' title='image "./fridericiritsch02ritsgoog_0433.png"; bbox 0 0 2932 5026; ppageno 0'>
   <div class='ocr_carea' id='block_1_1' title="bbox 504 327 1280 393">
    <p class='ocr_par' dir='ltr' id='par_1_1' title="bbox 504 327 1280 393">
     <span class='ocr_line' id='line_1_1' title="bbox 504 327 1280 393; baseline -0.001 -1"><span class='ocrx_word' id='word_1_1' title='bbox 504 344 777 393; x_wconf 76' lang='lat' dir='ltr'>orscrrtrnnavu</span> <span class='ocrx_word' id='word_1_2' title='bbox 801 345 923 393; x_wconf 71' lang='lat' dir='ltr'>uariare.</span> <span class='ocrx_word' id='word_1_3' title='bbox 1216 327 1280 391; x_wconf 78' lang='lat'>401</span> 
     </span>
    </p>
   </div>
   <div class='ocr_carea' id='block_1_2' title="bbox 148 486 1286 999">
    <p class='ocr_par' dir='ltr' id='par_1_2' title="bbox 148 486 1286 999">
     <span class='ocr_line' id='line_1_2' title="bbox 148 486 1284 574; baseline 0 -23"><span class='ocrx_word' id='word_1_4' title='bbox 148 506 217 550; x_wconf 83' lang='lat' dir='ltr'>ram</span> <span class='ocrx_word' id='word_1_5' title='bbox 236 491 370 552; x_wconf 84' lang='lat' dir='ltr'>navaret</span> <span class='ocrx_word' id='word_1_6' title='bbox 392 509 499 571; x_wconf 89' lang='lat' dir='ltr'>suam,</span> <span class='ocrx_word' id='word_1_7' title='bbox 522 489 643 574; x_wconf 89' lang='lat' dir='ltr'>quippe</span> <span class='ocrx_word' id='word_1_8' title='bbox 665 510 746 574; x_wconf 88' lang='lat' dir='ltr'>quos</span> <span class='ocrx_word' id='word_1_9' title='bbox 769 486 940 573; x_wconf 75' lang='lat' dir='ltr'>probabile</span> <span class='ocrx_word' id='word_1_10' title='bbox 963 486 1008 550; x_wconf 85' lang='lat' dir='ltr'>sit</span> <span class='ocrx_word' id='word_1_11' title='bbox 1030 488 1105 550; x_wconf 84' lang='lat' dir='ltr'>octo</span> <span class='ocrx_word' id='word_1_12' title='bbox 1127 507 1284 551; x_wconf 81' lang='lat' dir='ltr'>novemve</span> 
     </span>
     <span class='ocr_line' id='line_1_3' title="bbox 156 591 1285 679; baseline -0.002 -20"><span class='ocrx_word' id='word_1_13' title='bbox 156 594 238 659; x_wconf 78' lang='lat' dir='ltr'>annis</span> <span class='ocrx_word' id='word_1_14' title='bbox 266 598 343 679; x_wconf 85' lang='lat' dir='ltr'>post</span> <span class='ocrx_word' id='word_1_15' title='bbox 371 594 473 660; x_wconf 88' lang='lat' dir='ltr'>libros</span> <span class='ocrx_word' id='word_1_16' title='bbox 504 597 543 661; x_wconf 85' lang='lat' dir='ltr'>de</span> <span class='ocrx_word' id='word_1_17' title='bbox 572 618 607 661; x_wconf 93' lang='lat' dir='ltr'>re</span> <span class='ocrx_word' id='word_1_18' title='bbox 636 595 758 660; x_wconf 88' lang='lat' dir='ltr'>rustica</span> <span class='ocrx_word' id='word_1_19' title='bbox 787 615 857 659; x_wconf 89' lang='lat' dir='ltr'>esse</span> <span class='ocrx_word' id='word_1_20' title='bbox 888 593 1069 675; x_wconf 86' lang='lat' dir='ltr'>absolutos,</span> <span class='ocrx_word' id='word_1_21' title='bbox 1101 591 1140 655; x_wconf 91' lang='lat' dir='ltr'>de</span> <span class='ocrx_word' id='word_1_22' title='bbox 1167 592 1285 676; x_wconf 85' lang='lat' dir='ltr'>quibus</span> 
     </span>
     <span class='ocr_line' id='line_1_4' title="bbox 158 697 1286 787; baseline 0.002 -24"><span class='ocrx_word' id='word_1_23' title='bbox 158 697 246 781; x_wconf 82' lang='lat' dir='ltr'>ipsius</span> <span class='ocrx_word' id='word_1_24' title='bbox 270 704 379 767; x_wconf 83' lang='lat' dir='ltr'>exstat</span> <span class='ocrx_word' id='word_1_25' title='bbox 405 702 439 767; x_wconf 93' lang='lat' dir='ltr'>in</span> <span class='ocrx_word' id='word_1_26' title='bbox 467 702 669 787; x_wconf 78' lang='lat' dir='ltr'>praefatione</span> <span class='ocrx_word' id='word_1_27' title='bbox 696 701 929 767; x_wconf 85' lang='lat' dir='ltr'>testimonium.</span> <span class='ocrx_word' id='word_1_28' title='bbox 975 698 1059 763; x_wconf 90' lang='lat' dir='ltr'>Hinc</span> <span class='ocrx_word' id='word_1_29' title='bbox 1082 705 1191 763; x_wconf 84' lang='lat' dir='ltr'>autem</span> <span class='ocrx_word' id='word_1_30' title='bbox 1216 699 1286 765; x_wconf 88' lang='lat' dir='ltr'>fieri</span> 
     </span>
     <span class='ocr_line' id='line_1_5' title="bbox 162 807 1286 895; baseline 0.003 -26"><span class='ocrx_word' id='word_1_31' title='bbox 162 807 324 874; x_wconf 80' lang='lat' dir='ltr'>conectura</span> <span class='ocrx_word' id='word_1_32' title='bbox 350 813 473 894; x_wconf 85' lang='lat' dir='ltr'>potest,</span> <span class='ocrx_word' id='word_1_33' title='bbox 501 832 599 895; x_wconf 89' lang='lat' dir='ltr'>quam</span> <span class='ocrx_word' id='word_1_34' title='bbox 627 814 774 874; x_wconf 88' lang='lat' dir='ltr'>maturae</span> <span class='ocrx_word' id='word_1_35' title='bbox 796 813 830 873; x_wconf 88' lang='lat' dir='ltr'>et</span> <span class='ocrx_word' id='word_1_36' title='bbox 851 812 1019 892; x_wconf 87' lang='lat' dir='ltr'>tamquam</span> <span class='ocrx_word' id='word_1_37' title='bbox 1042 811 1286 872; x_wconf 88' lang='lat' dir='ltr'>consummatae</span> 
     </span>
     <span class='ocr_line' id='line_1_6' title="bbox 165 911 1196 999; baseline 0.002 -21"><span class='ocrx_word' id='word_1_38' title='bbox 165 914 332 981; x_wconf 78' lang='lat' dir='ltr'>eruditionis</span> <span class='ocrx_word' id='word_1_39' title='bbox 354 915 518 981; x_wconf 74' lang='lat' dir='ltr'>thesauris</span> <span class='ocrx_word' id='word_1_40' title='bbox 541 914 576 979; x_wconf 92' lang='lat' dir='ltr'>hi</span> <span class='ocrx_word' id='word_1_41' title='bbox 599 915 806 999; x_wconf 84' lang='lat' dir='ltr'>potissimum</span> <span class='ocrx_word' id='word_1_42' title='bbox 830 914 906 979; x_wconf 86' lang='lat' dir='ltr'>libri</span> <span class='ocrx_word' id='word_1_43' title='bbox 930 913 1042 977; x_wconf 86' lang='lat' dir='ltr'>referti</span> <span class='ocrx_word' id='word_1_44' title='bbox 1065 911 1196 981; x_wconf 88' lang='lat' dir='ltr'>fuerint.</span> 
     </span>
    </p>
   </div>
   <div class='ocr_carea' id='block_1_3' title="bbox 152 1285 1288 1587">
    <p class='ocr_par' dir='ltr' id='par_1_3' title="bbox 152 1285 1288 1587">
     <span class='ocr_line' id='line_1_7' title="bbox 234 1285 1287 1375; baseline -0.003 -19"><span class='ocrx_word' id='word_1_45' title='bbox 234 1286 311 1355; x_wconf 79' lang='lat' dir='ltr'>Sero</span> <span class='ocrx_word' id='word_1_46' title='bbox 343 1290 552 1375; x_wconf 89' lang='lat' dir='ltr'>Koppianam</span> <span class='ocrx_word' id='word_1_47' title='bbox 590 1289 765 1354; x_wconf 83' lang='lat' dir='ltr'>editionem</span> <span class='ocrx_word' id='word_1_48' title='bbox 797 1288 955 1353; x_wconf 89' lang='lat' dir='ltr'>Marciani</span> <span class='ocrx_word' id='word_1_49' title='bbox 987 1285 1140 1371; x_wconf 79' lang='lat' dir='ltr'>Capellae</span> <span class='ocrx_word' id='word_1_50' title='bbox 1172 1293 1287 1353; x_wconf 88' lang='lat' dir='ltr'>nactus</span> 
     </span>
     <span class='ocr_line' id='line_1_8' title="bbox 155 1392 1287 1479; baseline 0.003 -24"><span class='ocrx_word' id='word_1_51' title='bbox 155 1392 216 1457; x_wconf 77' lang='lat' dir='ltr'>ridi</span> <span class='ocrx_word' id='word_1_52' title='bbox 236 1394 458 1462; x_wconf 72' lang='lat' dir='ltr'>varronianae</span> <span class='ocrx_word' id='word_1_53' title='bbox 486 1396 651 1461; x_wconf 86' lang='lat' dir='ltr'>doctrinae</span> <span class='ocrx_word' id='word_1_54' title='bbox 680 1396 819 1479; x_wconf 82' lang='lat' dir='ltr'>vestigia</span> <span class='ocrx_word' id='word_1_55' title='bbox 842 1396 876 1460; x_wconf 92' lang='lat' dir='ltr'>in</span> <span class='ocrx_word' id='word_1_56' title='bbox 899 1393 1067 1459; x_wconf 86' lang='lat' dir='ltr'>Marciano</span> <span class='ocrx_word' id='word_1_57' title='bbox 1091 1392 1126 1459; x_wconf 80' lang='lat' dir='ltr'>(l.</span> <span class='ocrx_word' id='word_1_58' title='bbox 1151 1393 1183 1459; x_wconf 75' lang='lat' dir='ltr'>F.</span> <span class='ocrx_word' id='word_1_59' title='bbox 1207 1393 1287 1458; x_wconf 89' lang='lat' dir='ltr'>Her·</span> 
     </span>
     <span class='ocr_line' id='line_1_9' title="bbox 152 1498 1288 1587; baseline 0 -22"><span class='ocrx_word' id='word_1_60' title='bbox 152 1520 297 1566; x_wconf 77' lang='lat' dir='ltr'>mannum</span> <span class='ocrx_word' id='word_1_61' title='bbox 320 1524 449 1587; x_wconf 89' lang='lat' dir='ltr'>quoque</span> <span class='ocrx_word' id='word_1_62' title='bbox 472 1502 643 1587; x_wconf 79' lang='lat' dir='ltr'>agnovisse</span> <span class='ocrx_word' id='word_1_63' title='bbox 667 1499 766 1585; x_wconf 85' lang='lat' dir='ltr'>praef.</span> <span class='ocrx_word' id='word_1_64' title='bbox 790 1524 820 1585; x_wconf 94' lang='lat' dir='ltr'>p.</span> <span class='ocrx_word' id='word_1_65' title='bbox 844 1498 915 1584; x_wconf 88' lang='lat' dir='ltr'>XX,</span> <span class='ocrx_word' id='word_1_66' title='bbox 938 1501 1043 1584; x_wconf 91' lang='lat' dir='ltr'>ipsum</span> <span class='ocrx_word' id='word_1_67' title='bbox 1069 1504 1176 1565; x_wconf 86' lang='lat' dir='ltr'>antem</span> <span class='ocrx_word' id='word_1_68' title='bbox 1201 1500 1288 1585; x_wconf 84' lang='lat' dir='ltr'>Kop-</span> 
     </span>
    </p>
   </div>
   <div class='ocr_carea' id='block_1_4' title="bbox 151 1606 1289 1799">
    <p class='ocr_par' dir='ltr' id='par_1_4' title="bbox 151 1606 1289 1799">
     <span class='ocr_line' id='line_1_10' title="bbox 151 1606 1289 1692; baseline 0.002 -23"><span class='ocrx_word' id='word_1_69' title='bbox 151 1606 238 1688; x_wconf 90' lang='lat' dir='ltr'>pium</span> <span class='ocrx_word' id='word_1_70' title='bbox 258 1608 382 1692; x_wconf 85' lang='lat' dir='ltr'>pariter</span> <span class='ocrx_word' id='word_1_71' title='bbox 408 1630 446 1673; x_wconf 89' lang='lat' dir='ltr'>ac</span> <span class='ocrx_word' id='word_1_72' title='bbox 473 1630 533 1672; x_wconf 93' lang='lat' dir='ltr'>nos</span> <span class='ocrx_word' id='word_1_73' title='bbox 557 1611 577 1689; x_wconf 66' lang='grc' dir='ltr'>ξ</span> <span class='ocrx_word' id='word_1_74' title='bbox 601 1608 636 1691; x_wconf 81' lang='lat'>6,</span> <span class='ocrx_word' id='word_1_75' title='bbox 663 1607 859 1690; x_wconf 79' lang='lat' dir='ltr'>lymplrarum</span> <span class='ocrx_word' id='word_1_76' title='bbox 881 1607 1003 1672; x_wconf 80' lang='lat' dir='ltr'>irisnlas</span> <span class='ocrx_word' id='word_1_77' title='bbox 1025 1607 1058 1670; x_wconf 89' lang='lat' dir='ltr'>in</span> <span class='ocrx_word' id='word_1_78' title='bbox 1081 1607 1289 1690; x_wconf 76' lang='lat' dir='ltr'>nympharum</span> 
     </span>
     <span class='ocr_line' id='line_1_11' title="bbox 152 1714 492 1799; baseline 0.012 -23"><span class='ocrx_word' id='word_1_79' title='bbox 152 1714 341 1780; x_wconf 82' lang='lat' dir='ltr'>convertisse</span> <span class='ocrx_word' id='word_1_80' title='bbox 363 1737 395 1799; x_wconf 90' lang='lat' dir='ltr'>p.</span> <span class='ocrx_word' id='word_1_81' title='bbox 419 1715 492 1780; x_wconf 76' lang='grc'><strong>722.</strong></span> 
     </span>
    </p>
   </div>
   <div class='ocr_carea' id='block_1_5' title="bbox 151 1872 1296 3347">
    <p class='ocr_par' dir='ltr' id='par_1_5' title="bbox 151 1872 1296 3347">
     <span class='ocr_line' id='line_1_12' title="bbox 239 1872 1288 1960; baseline -0.002 -20"><span class='ocrx_word' id='word_1_82' title='bbox 239 1872 407 1942; x_wconf 83' lang='lat' dir='ltr'>Praeterea</span> <span class='ocrx_word' id='word_1_83' title='bbox 437 1876 704 1960; x_wconf 88' lang='lat' dir='ltr'>permemorabile</span> <span class='ocrx_word' id='word_1_84' title='bbox 738 1876 890 1960; x_wconf 88' lang='lat' dir='ltr'>quiddam</span> <span class='ocrx_word' id='word_1_85' title='bbox 920 1875 1099 1940; x_wconf 91' lang='lat' dir='ltr'>addendum</span> <span class='ocrx_word' id='word_1_86' title='bbox 1128 1878 1220 1954; x_wconf 53' lang='lat' dir='ltr'>est&amp;</span> <span class='ocrx_word' id='word_1_87' title='bbox 1248 1876 1288 1939; x_wconf 90' lang='grc'>12</span> 
     </span>
     <span class='ocr_line' id='line_1_13' title="bbox 155 1973 1288 2063; baseline 0.004 -22"><span class='ocrx_word' id='word_1_88' title='bbox 155 1973 421 2063; x_wconf 74' lang='lat' dir='ltr'>disputationibus</span> <span class='ocrx_word' id='word_1_89' title='bbox 438 1982 568 2046; x_wconf 87' lang='lat' dir='ltr'>nostris.</span> <span class='ocrx_word' id='word_1_90' title='bbox 600 1981 698 2047; x_wconf 81' lang='lat' dir='ltr'>Forte</span> <span class='ocrx_word' id='word_1_91' title='bbox 717 1983 803 2046; x_wconf 89' lang='lat' dir='ltr'>enim</span> <span class='ocrx_word' id='word_1_92' title='bbox 820 1982 952 2047; x_wconf 82' lang='lat' dir='ltr'>fortuna</span> <span class='ocrx_word' id='word_1_93' title='bbox 966 1982 1000 2046; x_wconf 93' lang='lat' dir='ltr'>in</span> <span class='ocrx_word' id='word_1_94' title='bbox 1012 1981 1156 2047; x_wconf 87' lang='lat' dir='ltr'>Walcbii</span> <span class='ocrx_word' id='word_1_95' title='bbox 1171 1982 1288 2047; x_wconf 82' lang='lat' dir='ltr'>Emen-</span> 
     </span>
     <span class='ocr_line' id='line_1_14' title="bbox 158 2079 1289 2174; baseline 0.005 -28"><span class='ocrx_word' id='word_1_96' title='bbox 158 2079 292 2153; x_wconf 85' lang='lat' dir='ltr'>dationes</span> <span class='ocrx_word' id='word_1_97' title='bbox 314 2087 467 2154; x_wconf 82' lang='lat' dir='ltr'>Livianae</span> <span class='ocrx_word' id='word_1_98' title='bbox 490 2088 633 2153; x_wconf 89' lang='lat' dir='ltr'>incidens</span> <span class='ocrx_word' id='word_1_99' title='bbox 656 2111 687 2172; x_wconf 90' lang='lat' dir='ltr'>p.</span> <span class='ocrx_word' id='word_1_100' title='bbox 704 2089 767 2153; x_wconf 78' lang='lat'>172</span> <span class='ocrx_word' id='word_1_101' title='bbox 782 2112 828 2174; x_wconf 89' lang='lat' dir='ltr'>sq.</span> <span class='ocrx_word' id='word_1_102' title='bbox 853 2113 893 2155; x_wconf 88' lang='lat' dir='ltr'>ea</span> <span class='ocrx_word' id='word_1_103' title='bbox 917 2089 1024 2173; x_wconf 85' lang='lat' dir='ltr'>posita</span> <span class='ocrx_word' id='word_1_104' title='bbox 1047 2089 1183 2173; x_wconf 83' lang='lat' dir='ltr'>repperi,</span> <span class='ocrx_word' id='word_1_105' title='bbox 1206 2110 1289 2172; x_wconf 86' lang='lat' dir='ltr'>quae</span> 
     </span>
     <span class='ocr_line' id='line_1_15' title="bbox 160 2189 1290 2280; baseline 0.003 -24"><span class='ocrx_word' id='word_1_106' title='bbox 160 2189 235 2256; x_wconf 79' lang='lat' dir='ltr'>mili</span> <span class='ocrx_word' id='word_1_107' title='bbox 252 2217 313 2260; x_wconf 92' lang='lat' dir='ltr'>non</span> <span class='ocrx_word' id='word_1_108' title='bbox 337 2200 482 2279; x_wconf 80' lang='lat' dir='ltr'>tempero</span> <span class='ocrx_word' id='word_1_109' title='bbox 506 2196 582 2280; x_wconf 90' lang='lat' dir='ltr'>quin</span> <span class='ocrx_word' id='word_1_110' title='bbox 608 2196 779 2260; x_wconf 87' lang='lat' dir='ltr'>ascribam.</span> <span class='ocrx_word' id='word_1_111' title='bbox 808 2194 891 2262; x_wconf 85' lang='lat' dir='ltr'>Sunt</span> <span class='ocrx_word' id='word_1_112' title='bbox 913 2201 1021 2261; x_wconf 86' lang='lat' dir='ltr'>autem</span> <span class='ocrx_word' id='word_1_113' title='bbox 1046 2196 1138 2260; x_wconf 88' lang='lat' dir='ltr'>haec:</span> <span class='ocrx_word' id='word_1_114' title='bbox 1161 2195 1290 2277; x_wconf 76' lang='lat' dir='ltr'>Insipne</span> 
     </span>
     <span class='ocr_line' id='line_1_16' title="bbox 161 2296 1290 2388; baseline -0.003 -21"><span class='ocrx_word' id='word_1_115' title='bbox 161 2298 208 2355; x_wconf 57' lang='lat' dir='ltr'>&amp;l</span> <span class='ocrx_word' id='word_1_116' title='bbox 222 2296 372 2388; x_wconf 78' lang='lat' dir='ltr'>(lacunae)</span> <span class='ocrx_word' id='word_1_117' title='bbox 395 2301 567 2385; x_wconf 62' lang='lat' dir='ltr'>annana</span> <span class='ocrx_word' id='word_1_118' title='bbox 589 2302 750 2367; x_wconf 77' lang='lat' dir='ltr'>Prisciani</span> <span class='ocrx_word' id='word_1_119' title='bbox 772 2302 862 2368; x_wconf 83' lang='lat' dir='ltr'>libl</span> <span class='ocrx_word' id='word_1_120' title='bbox 874 2325 909 2387; x_wconf 91' lang='lat' dir='ltr'>p.</span> <span class='ocrx_word' id='word_1_121' title='bbox 923 2306 987 2369; x_wconf 75' lang='lat'>546</span> <span class='ocrx_word' id='word_1_122' title='bbox 1010 2302 1132 2368; x_wconf 73' lang='lat' dir='ltr'>Ilrlscli.</span> <span class='ocrx_word' id='word_1_123' title='bbox 1156 2300 1290 2365; x_wconf 75' lang='lat' dir='ltr'>‘Accidit</span> 
     </span>
     <span class='ocr_line' id='line_1_17' title="bbox 162 2396 1290 2493; baseline -0.005 -16"><span class='ocrx_word' id='word_1_124' title='bbox 162 2396 247 2477; x_wconf 54' lang='grc' dir='ltr'>’Νῦν</span> <span class='ocrx_word' id='word_1_125' title='bbox 265 2409 383 2474; x_wconf 76' lang='lat' dir='ltr'>litterae</span> <span class='ocrx_word' id='word_1_126' title='bbox 403 2430 527 2487; x_wconf 72' lang='lat' dir='ltr'>nonan,</span> <span class='ocrx_word' id='word_1_127' title='bbox 549 2415 699 2492; x_wconf 71' lang='lat' dir='ltr'>polentae,</span> <span class='ocrx_word' id='word_1_128' title='bbox 724 2410 837 2493; x_wconf 72' lang='lat' dir='ltr'>lipara.</span> <span class='ocrx_word' id='word_1_129' title='bbox 884 2411 1019 2489; x_wconf 80' lang='lat' dir='ltr'>Nomen,</span> <span class='ocrx_word' id='word_1_130' title='bbox 1050 2410 1142 2475; x_wconf 75' lang='lat' dir='ltr'>ccliiii</span> <span class='ocrx_word' id='word_1_131' title='bbox 1163 2430 1194 2472; x_wconf 91' lang='lat' dir='ltr'>a.</span> <span class='ocrx_word' id='word_1_132' title='bbox 1217 2408 1243 2471; x_wconf 81' lang='lat' dir='ltr'>li.</span> <span class='ocrx_word' id='word_1_133' title='bbox 1266 2429 1290 2472; x_wconf 89' lang='lat' dir='ltr'>c.</span> 
     </span>
     <span class='ocr_line' id='line_1_18' title="bbox 160 2497 1291 2598; baseline 0.001 -19"><span class='ocrx_word' id='word_1_134' title='bbox 160 2497 207 2567; x_wconf 71' lang='lat' dir='ltr'>El</span> <span class='ocrx_word' id='word_1_135' title='bbox 224 2522 290 2581; x_wconf 77' lang='lat' dir='ltr'>sint</span> <span class='ocrx_word' id='word_1_136' title='bbox 316 2517 547 2582; x_wconf 80' lang='lat' dir='ltr'>indeclinabilia</span> <span class='ocrx_word' id='word_1_137' title='bbox 573 2518 787 2582; x_wconf 76' lang='lat' dir='ltr'>eleniartornnr-</span> <span class='ocrx_word' id='word_1_138' title='bbox 809 2519 938 2581; x_wconf 82' lang='lat' dir='ltr'>nonrina</span> <span class='ocrx_word' id='word_1_139' title='bbox 962 2522 1026 2580; x_wconf 84' lang='lat' dir='ltr'>loru</span> <span class='ocrx_word' id='word_1_140' title='bbox 1048 2517 1134 2598; x_wconf 75' lang='lat' dir='ltr'>apul</span> <span class='ocrx_word' id='word_1_141' title='bbox 1155 2516 1291 2580; x_wconf 82' lang='lat' dir='ltr'>Graecos</span> 
     </span>
     <span class='ocr_line' id='line_1_19' title="bbox 159 2623 1290 2705; baseline 0 -20"><span class='ocrx_word' id='word_1_142' title='bbox 159 2624 244 2685; x_wconf 63' lang='lat' dir='ltr'>mrum</span> <span class='ocrx_word' id='word_1_143' title='bbox 270 2624 357 2705; x_wconf 81' lang='lat' dir='ltr'>apud</span> <span class='ocrx_word' id='word_1_144' title='bbox 384 2624 534 2688; x_wconf 81' lang='lat' dir='ltr'>Latinos:</span> <span class='ocrx_word' id='word_1_145' title='bbox 565 2625 628 2688; x_wconf 83' lang='lat' dir='ltr'>sive</span> <span class='ocrx_word' id='word_1_146' title='bbox 658 2625 741 2704; x_wconf 79' lang='lat' dir='ltr'>qriod</span> <span class='ocrx_word' id='word_1_147' title='bbox 768 2646 788 2687; x_wconf 85' lang='lat' dir='ltr'>a</span> <span class='ocrx_word' id='word_1_148' title='bbox 820 2623 961 2688; x_wconf 87' lang='lat' dir='ltr'>barbaris</span> <span class='ocrx_word' id='word_1_149' title='bbox 990 2624 1114 2687; x_wconf 75' lang='lat' dir='ltr'>inversio</span> <span class='ocrx_word' id='word_1_150' title='bbox 1144 2624 1290 2687; x_wconf 78' lang='lat' dir='ltr'>dininlnr</span> 
     </span>
     <span class='ocr_line' id='line_1_20' title="bbox 156 2709 1292 2811; baseline -0.002 -17"><span class='ocrx_word' id='word_1_151' title='bbox 156 2709 246 2794; x_wconf 70' lang='lat' dir='ltr'>(qlod</span> <span class='ocrx_word' id='word_1_152' title='bbox 268 2735 295 2793; x_wconf 82' lang='lat' dir='ltr'>el</span> <span class='ocrx_word' id='word_1_153' title='bbox 322 2732 451 2795; x_wconf 76' lang='lat' dir='ltr'>ostendit</span> <span class='ocrx_word' id='word_1_154' title='bbox 483 2745 616 2799; x_wconf 77' lang='lat' dir='ltr'><em>VARRO</em></span> <span class='ocrx_word' id='word_1_155' title='bbox 645 2732 680 2794; x_wconf 86' lang='lat' dir='ltr'>in</span> <span class='ocrx_word' id='word_1_156' title='bbox 707 2732 835 2794; x_wconf 82' lang='lat' dir='ltr'>secundo</span> <span class='ocrx_word' id='word_1_157' title='bbox 863 2733 899 2794; x_wconf 75' lang='lat' dir='ltr'>ilc</span> <span class='ocrx_word' id='word_1_158' title='bbox 926 2731 1109 2811; x_wconf 78' lang='lat' dir='ltr'>anliqrcilalc</span> <span class='ocrx_word' id='word_1_159' title='bbox 1131 2731 1292 2794; x_wconf 76' lang='lat' dir='ltr'>liicrcrrunr-</span> 
     </span>
     <span class='ocr_line' id='line_1_21' title="bbox 156 2818 1294 2920; baseline -0.002 -20"><span class='ocrx_word' id='word_1_160' title='bbox 156 2818 257 2900; x_wconf 58' lang='grc' dir='ltr'>(Ῑθθθις</span> <span class='ocrx_word' id='word_1_161' title='bbox 282 2837 388 2918; x_wconf 79' lang='lat' dir='ltr'>linpnc</span> <span class='ocrx_word' id='word_1_162' title='bbox 413 2836 641 2902; x_wconf 62' lang='lat' dir='ltr'>(liraldaearum</span> <span class='ocrx_word' id='word_1_163' title='bbox 669 2838 863 2920; x_wconf 78' lang='lat' dir='ltr'>sinpularurn</span> <span class='ocrx_word' id='word_1_164' title='bbox 897 2840 1024 2901; x_wconf 82' lang='lat' dir='ltr'>rioririnc</span> <span class='ocrx_word' id='word_1_165' title='bbox 1058 2838 1217 2900; x_wconf 79' lang='lat' dir='ltr'>literarum</span> <span class='ocrx_word' id='word_1_166' title='bbox 1251 2837 1294 2899; x_wconf 77' lang='lat' dir='ltr'>ccl</span> 
     </span>
     <span class='ocr_line' id='line_1_22' title="bbox 153 2943 1293 3025; baseline 0.001 -21"><span class='ocrx_word' id='word_1_167' title='bbox 153 2943 256 3007; x_wconf 61' lang='lat' dir='ltr'>fflriinr</span> <span class='ocrx_word' id='word_1_168' title='bbox 276 2944 396 3025; x_wconf 72' lang='lat' dir='ltr'>forneus</span> <span class='ocrx_word' id='word_1_169' title='bbox 419 2964 480 3008; x_wconf 81' lang='lat' dir='ltr'>esse</span> <span class='ocrx_word' id='word_1_170' title='bbox 500 2945 617 3023; x_wconf 55' lang='lat' dir='ltr'>facicm</span> <span class='ocrx_word' id='word_1_171' title='bbox 641 2951 669 3008; x_wconf 80' lang='lat' dir='ltr'>ct</span> <span class='ocrx_word' id='word_1_172' title='bbox 690 2966 727 3008; x_wconf 81' lang='lat' dir='ltr'>er</span> <span class='ocrx_word' id='word_1_173' title='bbox 744 2945 793 3009; x_wconf 80' lang='lat' dir='ltr'>liis</span> <span class='ocrx_word' id='word_1_174' title='bbox 811 2949 926 3007; x_wconf 80' lang='lat' dir='ltr'>cerium</span> <span class='ocrx_word' id='word_1_175' title='bbox 943 2945 1013 3025; x_wconf 73' lang='lat' dir='ltr'>ficri</span> <span class='ocrx_word' id='word_1_176' title='bbox 1031 2965 1080 3008; x_wconf 83' lang='lat' dir='ltr'>cos</span> <span class='ocrx_word' id='word_1_177' title='bbox 1098 2964 1159 3007; x_wconf 76' lang='lat' dir='ltr'>csse</span> <span class='ocrx_word' id='word_1_178' title='bbox 1172 2944 1293 3023; x_wconf 82' lang='lat' dir='ltr'>primos</span> 
     </span>
     <span class='ocr_line' id='line_1_23' title="bbox 151 3049 1293 3134; baseline 0.001 -24"><span class='ocrx_word' id='word_1_179' title='bbox 151 3049 285 3115; x_wconf 65' lang='lat' dir='ltr'>erice-es</span> <span class='ocrx_word' id='word_1_180' title='bbox 314 3052 520 3132; x_wconf 69' lang='lat' dir='ltr'>litterarum.)</span> <span class='ocrx_word' id='word_1_181' title='bbox 548 3053 610 3115; x_wconf 79' lang='lat' dir='ltr'>sire</span> <span class='ocrx_word' id='word_1_182' title='bbox 639 3054 719 3133; x_wconf 75' lang='lat' dir='ltr'>prcoil</span> <span class='ocrx_word' id='word_1_183' title='bbox 747 3053 901 3134; x_wconf 71' lang='lat' dir='ltr'>sinprlicia</span> <span class='ocrx_word' id='word_1_184' title='bbox 928 3052 1000 3116; x_wconf 74' lang='lat' dir='ltr'>llaec</span> <span class='ocrx_word' id='word_1_185' title='bbox 1027 3056 1055 3114; x_wconf 81' lang='lat' dir='ltr'>ci</span> <span class='ocrx_word' id='word_1_186' title='bbox 1081 3050 1205 3115; x_wconf 76' lang='lat' dir='ltr'>stabilia</span> <span class='ocrx_word' id='word_1_187' title='bbox 1233 3070 1293 3113; x_wconf 82' lang='lat' dir='ltr'>csse</span> 
     </span>
     <span class='ocr_line' id='line_1_24' title="bbox 151 3139 1292 3240; baseline -0.001 -20"><span class='ocrx_word' id='word_1_188' title='bbox 151 3139 269 3220; x_wconf 61' lang='lat' dir='ltr'>debmt’</span> <span class='ocrx_word' id='word_1_189' title='bbox 291 3165 342 3223; x_wconf 83' lang='lat' dir='ltr'>cic.</span> <span class='ocrx_word' id='word_1_190' title='bbox 396 3159 545 3223; x_wconf 76' lang='lat' dir='ltr'>Varronis</span> <span class='ocrx_word' id='word_1_191' title='bbox 569 3161 680 3238; x_wconf 70' lang='lat' dir='ltr'>luerim,</span> <span class='ocrx_word' id='word_1_192' title='bbox 712 3181 771 3240; x_wconf 80' lang='lat' dir='ltr'>qno</span> <span class='ocrx_word' id='word_1_193' title='bbox 798 3182 902 3224; x_wconf 66' lang='lat' dir='ltr'>oriirren</span> <span class='ocrx_word' id='word_1_194' title='bbox 924 3166 1028 3224; x_wconf 72' lang='lat' dir='ltr'>arreni</span> <span class='ocrx_word' id='word_1_195' title='bbox 1051 3158 1209 3221; x_wconf 72' lang='lat' dir='ltr'>Prisciani</span> <span class='ocrx_word' id='word_1_196' title='bbox 1232 3158 1292 3220; x_wconf 80' lang='lat' dir='ltr'>inli-</span> 
     </span>
     <span class='ocr_line' id='line_1_25' title="bbox 153 3249 1296 3347; baseline 0.017 -41"><span class='ocrx_word' id='word_1_197' title='bbox 153 3249 260 3337; x_wconf 80' lang='lat' dir='ltr'>iiones,</span> <span class='ocrx_word' id='word_1_198' title='bbox 286 3266 374 3330; x_wconf 80' lang='lat' dir='ltr'>addit</span> <span class='ocrx_word' id='word_1_199' title='bbox 395 3266 467 3331; x_wconf 79' lang='lat' dir='ltr'>MS.</span> <span class='ocrx_word' id='word_1_200' title='bbox 492 3266 717 3329; x_wconf 80' lang='lat' dir='ltr'>Grnlcriunnor</span> <span class='ocrx_word' id='word_1_201' title='bbox 741 3288 824 3329; x_wconf 77' lang='lat' dir='ltr'>lirino</span> <span class='ocrx_word' id='word_1_202' title='bbox 846 3265 1191 3347; x_wconf 76' lang='lat' dir='ltr'>ancluno-Bularuru,</span> <span class='ocrx_word' id='word_1_203' title='bbox 1214 3264 1296 3344; x_wconf 74' lang='lat' dir='ltr'>qaod</span> 
     </span>
    </p>
   </div>
   <div class='ocr_carea' id='block_1_6' title="bbox 154 3350 1336 3990">
    <p class='ocr_par' dir='ltr' id='par_1_6' title="bbox 154 3350 1336 3990">
     <span class='ocr_line' id='line_1_26' title="bbox 154 3350 1294 3455; baseline -0.001 -23"><span class='ocrx_word' id='word_1_204' title='bbox 154 3350 259 3434; x_wconf 70' lang='lat' dir='ltr'>llssbnil</span> <span class='ocrx_word' id='word_1_205' title='bbox 278 3374 397 3453; x_wconf 73' lang='lat' dir='ltr'>quidem</span> <span class='ocrx_word' id='word_1_206' title='bbox 424 3373 596 3451; x_wconf 65' lang='lat' dir='ltr'>Palaebisca,</span> <span class='ocrx_word' id='word_1_207' title='bbox 619 3375 672 3438; x_wconf 81' lang='lat' dir='ltr'>scd</span> <span class='ocrx_word' id='word_1_208' title='bbox 693 3395 752 3454; x_wconf 74' lang='lat' dir='ltr'>quo</span> <span class='ocrx_word' id='word_1_209' title='bbox 775 3374 911 3455; x_wconf 82' lang='lat' dir='ltr'>(propior</span> <span class='ocrx_word' id='word_1_210' title='bbox 933 3374 1105 3451; x_wconf 76' lang='lat' dir='ltr'>scripturae</span> <span class='ocrx_word' id='word_1_211' title='bbox 1126 3371 1294 3451; x_wconf 71' lang='lat' dir='ltr'>difficulta-</span> 
     </span>
     <span class='ocr_line' id='line_1_27' title="bbox 156 3464 1294 3562; baseline 0.009 -34"><span class='ocrx_word' id='word_1_212' title='bbox 156 3464 232 3554; x_wconf 64' lang='grc' dir='ltr'>ἔθνη)</span> <span class='ocrx_word' id='word_1_213' title='bbox 257 3479 506 3562; x_wconf 73' lang='lat' dir='ltr'>neyle‘penlissimc</span> <span class='ocrx_word' id='word_1_214' title='bbox 535 3501 609 3545; x_wconf 73' lang='lat' dir='ltr'>cisiis</span> <span class='ocrx_word' id='word_1_215' title='bbox 638 3486 689 3544; x_wconf 79' lang='lat' dir='ltr'>csl.</span> <span class='ocrx_word' id='word_1_216' title='bbox 750 3480 864 3542; x_wconf 75' lang='lat' dir='ltr'>lecum</span> <span class='ocrx_word' id='word_1_217' title='bbox 896 3480 960 3541; x_wconf 80' lang='lat' dir='ltr'>iarn</span> <span class='ocrx_word' id='word_1_218' title='bbox 985 3479 1118 3559; x_wconf 85' lang='lat' dir='ltr'>proinlil</span> <span class='ocrx_word' id='word_1_219' title='bbox 1147 3478 1294 3541; x_wconf 75' lang='lat' dir='ltr'>Ranilum</span> 
     </span>
     <span class='ocr_line' id='line_1_28' title="bbox 164 3566 1295 3669; baseline -0.001 -21"><span class='ocrx_word' id='word_1_220' title='bbox 164 3566 324 3649; x_wconf 55' lang='lat' dir='ltr'>Vmber.</span> <span class='ocrx_word' id='word_1_221' title='bbox 337 3586 389 3664; x_wconf 85' lang='grc' dir='ltr'>ΙΙ,</span> <span class='ocrx_word' id='word_1_222' title='bbox 415 3593 454 3651; x_wconf 87' lang='grc'>13</span> <span class='ocrx_word' id='word_1_223' title='bbox 471 3610 504 3669; x_wconf 86' lang='lat' dir='ltr'>p.</span> <span class='ocrx_word' id='word_1_224' title='bbox 519 3594 592 3665; x_wconf 71' lang='grc'>296,</span> <span class='ocrx_word' id='word_1_225' title='bbox 615 3589 668 3653; x_wconf 81' lang='lat' dir='ltr'>secl</span> <span class='ocrx_word' id='word_1_226' title='bbox 688 3588 764 3650; x_wconf 75' lang='lat' dir='ltr'>aclea</span> <span class='ocrx_word' id='word_1_227' title='bbox 788 3591 935 3668; x_wconf 79' lang='lat' dir='ltr'>airrnplc,</span> <span class='ocrx_word' id='word_1_228' title='bbox 959 3591 993 3648; x_wconf 82' lang='lat' dir='ltr'>nl</span> <span class='ocrx_word' id='word_1_229' title='bbox 1015 3586 1203 3649; x_wconf 75' lang='lat' dir='ltr'>crisenclalins</span> <span class='ocrx_word' id='word_1_230' title='bbox 1226 3605 1295 3648; x_wconf 82' lang='lat' dir='ltr'>cuni</span> 
     </span>
     <span class='ocr_line' id='line_1_29' title="bbox 158 3690 1295 3778; baseline 0.001 -25"><span class='ocrx_word' id='word_1_231' title='bbox 158 3690 285 3754; x_wconf 70' lang='lat' dir='ltr'>remise</span> <span class='ocrx_word' id='word_1_232' title='bbox 314 3694 442 3757; x_wconf 81' lang='lat' dir='ltr'>ririnime</span> <span class='ocrx_word' id='word_1_233' title='bbox 468 3696 630 3775; x_wconf 71' lang='lat' dir='ltr'>poeniteat.</span> <span class='ocrx_word' id='word_1_234' title='bbox 677 3693 876 3756; x_wconf 82' lang='lat' dir='ltr'>Gravissima</span> <span class='ocrx_word' id='word_1_235' title='bbox 910 3693 1010 3778; x_wconf 86' lang='lat' dir='ltr'>igitur</span> <span class='ocrx_word' id='word_1_236' title='bbox 1041 3692 1295 3776; x_wconf 78' lang='lat' dir='ltr'>planissimeque</span> 
     </span>
     <span class='ocr_line' id='line_1_30' title="bbox 161 3779 1336 3884; baseline -0.002 -23"><span class='ocrx_word' id='word_1_237' title='bbox 161 3779 340 3864; x_wconf 71' lang='lat' dir='ltr'>documento</span> <span class='ocrx_word' id='word_1_238' title='bbox 365 3801 430 3863; x_wconf 89' lang='lat' dir='ltr'>iam</span> <span class='ocrx_word' id='word_1_239' title='bbox 456 3805 625 3884; x_wconf 89' lang='lat' dir='ltr'>utrumque</span> <span class='ocrx_word' id='word_1_240' title='bbox 644 3802 866 3882; x_wconf 85' lang='lat' dir='ltr'>confirmatur,</span> <span class='ocrx_word' id='word_1_241' title='bbox 889 3805 921 3862; x_wconf 90' lang='lat' dir='ltr'>et</span> <span class='ocrx_word' id='word_1_242' title='bbox 944 3801 1140 3883; x_wconf 84' lang='lat' dir='ltr'>peculiarem</span> <span class='ocrx_word' id='word_1_243' title='bbox 1164 3821 1296 3881; x_wconf 89' lang='lat' dir='ltr'>operam</span> <span class='ocrx_word' id='word_1_244' title='bbox 1310 3820 1336 3859; x_wconf 80' lang='lat' dir='ltr'>ee</span> 
     </span>
     <span class='ocr_line' id='line_1_31' title="bbox 162 3881 1298 3990; baseline 0 -22"><span class='ocrx_word' id='word_1_245' title='bbox 162 3881 332 3970; x_wconf 65' lang='lat' dir='ltr'>Vafronem</span> <span class='ocrx_word' id='word_1_246' title='bbox 360 3907 394 3970; x_wconf 89' lang='lat' dir='ltr'>in</span> <span class='ocrx_word' id='word_1_247' title='bbox 425 3908 609 3972; x_wconf 87' lang='lat' dir='ltr'>litterarum</span> <span class='ocrx_word' id='word_1_248' title='bbox 639 3908 820 3972; x_wconf 87' lang='lat' dir='ltr'>rationibus</span> <span class='ocrx_word' id='word_1_249' title='bbox 848 3907 1048 3989; x_wconf 82' lang='lat' dir='ltr'>explicandis</span> <span class='ocrx_word' id='word_1_250' title='bbox 1076 3907 1236 3990; x_wconf 85' lang='lat' dir='ltr'>posuisse,</span> <span class='ocrx_word' id='word_1_251' title='bbox 1264 3911 1298 3969; x_wconf 89' lang='lat' dir='ltr'>et</span> 
     </span>
    </p>
   </div>
   <div class='ocr_carea' id='block_1_7' title="bbox 140 4010 1296 4418">
    <p class='ocr_par' dir='ltr' id='par_1_7' title="bbox 140 4010 1296 4418">
     <span class='ocr_line' id='line_1_32' title="bbox 158 4010 1296 4098; baseline -0.001 -22"><span class='ocrx_word' id='word_1_252' title='bbox 158 4010 226 4064; x_wconf 50' lang='grc' dir='ltr'>ΕΒΗ]</span> <span class='ocrx_word' id='word_1_253' title='bbox 239 4030 302 4077; x_wconf 85' lang='lat' dir='ltr'>non</span> <span class='ocrx_word' id='word_1_254' title='bbox 317 4035 391 4096; x_wconf 89' lang='lat' dir='ltr'>uno,</span> <span class='ocrx_word' id='word_1_255' title='bbox 414 4013 470 4077; x_wconf 89' lang='lat' dir='ltr'>sed</span> <span class='ocrx_word' id='word_1_256' title='bbox 491 4014 638 4097; x_wconf 89' lang='lat' dir='ltr'>pluribus</span> <span class='ocrx_word' id='word_1_257' title='bbox 653 4014 744 4078; x_wconf 91' lang='lat' dir='ltr'>libris</span> <span class='ocrx_word' id='word_1_258' title='bbox 760 4018 954 4078; x_wconf 82' lang='lat' dir='ltr'>contentam.</span> <span class='ocrx_word' id='word_1_259' title='bbox 990 4012 1168 4098; x_wconf 75' lang='lat' dir='ltr'>Vtrumque</span> <span class='ocrx_word' id='word_1_260' title='bbox 1188 4018 1296 4078; x_wconf 87' lang='lat' dir='ltr'>autem</span> 
     </span>
     <span class='ocr_line' id='line_1_33' title="bbox 154 4114 1296 4204; baseline 0 -21"><span class='ocrx_word' id='word_1_261' title='bbox 154 4114 225 4171; x_wconf 54' lang='grc' dir='ltr'>ΜΠ]</span> <span class='ocrx_word' id='word_1_262' title='bbox 249 4141 379 4202; x_wconf 91' lang='lat' dir='ltr'>prorsus</span> <span class='ocrx_word' id='word_1_263' title='bbox 404 4121 439 4183; x_wconf 92' lang='lat' dir='ltr'>in</span> <span class='ocrx_word' id='word_1_264' title='bbox 463 4121 629 4184; x_wconf 88' lang='lat' dir='ltr'>simillima</span> <span class='ocrx_word' id='word_1_265' title='bbox 652 4121 840 4184; x_wconf 84' lang='lat' dir='ltr'>testimonia</span> <span class='ocrx_word' id='word_1_266' title='bbox 863 4122 920 4184; x_wconf 88' lang='lat' dir='ltr'>illa</span> <span class='ocrx_word' id='word_1_267' title='bbox 944 4120 1052 4200; x_wconf 85' lang='lat' dir='ltr'>cadat,</span> <span class='ocrx_word' id='word_1_268' title='bbox 1076 4122 1192 4204; x_wconf 89' lang='lat' dir='ltr'>quibus</span> <span class='ocrx_word' id='word_1_269' title='bbox 1217 4120 1296 4184; x_wconf 88' lang='lat' dir='ltr'>Var-</span> 
     </span>
     <span class='ocr_line' id='line_1_34' title="bbox 146 4213 1295 4312; baseline 0 -22"><span class='ocrx_word' id='word_1_270' title='bbox 146 4213 239 4312; x_wconf 39' lang='lat'>¹&#39;·⁰¹1¹&#39;8</span> <span class='ocrx_word' id='word_1_271' title='bbox 271 4227 307 4290; x_wconf 83' lang='lat' dir='ltr'>dc</span> <span class='ocrx_word' id='word_1_272' title='bbox 337 4229 456 4310; x_wconf 68' lang='lat' dir='ltr'>oripinc</span> <span class='ocrx_word' id='word_1_273' title='bbox 488 4228 611 4309; x_wconf 78' lang='lat' dir='ltr'>linpuac</span> <span class='ocrx_word' id='word_1_274' title='bbox 639 4228 755 4290; x_wconf 77' lang='lat' dir='ltr'>latinae</span> <span class='ocrx_word' id='word_1_275' title='bbox 783 4229 875 4291; x_wconf 82' lang='lat' dir='ltr'>libros</span> <span class='ocrx_word' id='word_1_276' title='bbox 900 4228 1069 4309; x_wconf 81' lang='lat' dir='ltr'>Apuleius,</span> <span class='ocrx_word' id='word_1_277' title='bbox 1101 4230 1144 4292; x_wconf 83' lang='lat' dir='ltr'>acl</span> <span class='ocrx_word' id='word_1_278' title='bbox 1166 4228 1295 4292; x_wconf 80' lang='lat' dir='ltr'>Accium</span> 
     </span>
     <span class='ocr_line' id='line_1_35' title="bbox 140 4296 1296 4418; baseline 0.004 -25"><span class='ocrx_word' id='word_1_279' title='bbox 140 4296 245 4393; x_wconf 66' lang='lat' dir='ltr'>11er</span> <span class='ocrx_word' id='word_1_280' title='bbox 267 4334 441 4418; x_wconf 88' lang='lat' dir='ltr'>Pompeius</span> <span class='ocrx_word' id='word_1_281' title='bbox 469 4338 775 4416; x_wconf 86' lang='lat' dir='ltr'>commemorarunt,</span> <span class='ocrx_word' id='word_1_282' title='bbox 805 4333 880 4418; x_wconf 90' lang='lat' dir='ltr'>quid</span> <span class='ocrx_word' id='word_1_283' title='bbox 909 4356 1029 4418; x_wconf 81' lang='lat' dir='ltr'>quaeso</span> <span class='ocrx_word' id='word_1_284' title='bbox 1058 4334 1097 4397; x_wconf 89' lang='lat' dir='ltr'>ad</span> <span class='ocrx_word' id='word_1_285' title='bbox 1122 4335 1296 4417; x_wconf 88' lang='lat' dir='ltr'>probabili-</span> 
     </span>
    </p>
   </div>
   <div class='ocr_carea' id='block_1_8' title="bbox 133 4404 1298 4603">
    <p class='ocr_par' dir='ltr' id='par_1_8' title="bbox 133 4404 1298 4603">
     <span class='ocr_line' id='line_1_36' title="bbox 133 4404 1298 4527; baseline 0 -24"><span class='ocrx_word' id='word_1_286' title='bbox 133 4404 255 4503; x_wconf 57' lang='lat' dir='ltr'>tatem</span> <span class='ocrx_word' id='word_1_287' title='bbox 273 4443 406 4525; x_wconf 88' lang='lat' dir='ltr'>propius</span> <span class='ocrx_word' id='word_1_288' title='bbox 425 4448 534 4527; x_wconf 87' lang='lat' dir='ltr'>potest</span> <span class='ocrx_word' id='word_1_289' title='bbox 548 4442 697 4508; x_wconf 82' lang='lat' dir='ltr'>accedere</span> <span class='ocrx_word' id='word_1_290' title='bbox 712 4464 809 4525; x_wconf 68' lang='lat' dir='ltr'>cluam</span> <span class='ocrx_word' id='word_1_291' title='bbox 825 4441 953 4505; x_wconf 84' lang='lat' dir='ltr'>eosdem</span> <span class='ocrx_word' id='word_1_292' title='bbox 969 4442 1078 4524; x_wconf 90' lang='lat' dir='ltr'>libros,</span> <span class='ocrx_word' id='word_1_293' title='bbox 1097 4463 1177 4525; x_wconf 92' lang='lat' dir='ltr'>quos</span> <span class='ocrx_word' id='word_1_294' title='bbox 1193 4439 1298 4504; x_wconf 86' lang='lat' dir='ltr'>Varro</span> 
     </span>
     <span class='ocr_line' id='line_1_37' title="bbox 194 4546 1085 4603; baseline 0.006 -7"><span class='ocrx_word' id='word_1_295' title='bbox 194 4546 249 4596; x_wconf 60' lang='grc' dir='ltr'>ῑῚι</span> <span class='ocrx_word' id='word_1_296' title='bbox 265 4566 412 4602; x_wconf 73' lang='lat' dir='ltr'>assecurari</span> <span class='ocrx_word' id='word_1_297' title='bbox 428 4568 562 4603; x_wconf 72' lang='lat' dir='ltr'>oevscvu</span> <span class='ocrx_word' id='word_1_298' title='bbox 583 4568 622 4601; x_wconf 84' lang='lat' dir='ltr'>nr.</span> <span class='ocrx_word' id='word_1_299' title='bbox 1051 4552 1085 4601; x_wconf 70' lang='lat' dir='ltr'>‘lb</span> 
     </span>
    </p>
   </div>
   <div class='ocr_carea' id='block_1_9' title="bbox 0 0 1482 5026">
    <p class='ocr_par' dir='ltr' id='par_1_9' title="bbox 0 0 1482 5026">
     <span class='ocr_line' id='line_1_38' title="bbox 0 0 1482 5026; baseline 0 0"><span class='ocrx_word' id='word_1_300' title='bbox 0 0 1482 5026; x_wconf 95' lang='lat' dir='ltr'> </span> 
     </span>
    </p>
   </div>
  </div>
 </body>
</html>
