2932 5026
183 329 251 394 404
606 307 653 394 na
678 349 712 394 u.
727 292 902 395 vrundsrs

185 487 306 564 Quodsi
335 488 491 552 Varronis
521 487 637 553 horum
669 489 850 573 aequalium
882 493 915 552 et
943 488 1154 554 familiarium
1184 494 1283 575 temp.

184 595 435 679 inquisierimuS,
454 595 538 660 effici
553 597 681 660 videtur
699 597 784 661 eirca
802 597 899 660 finem
919 596 1050 679 septimi
1070 597 1193 662 saeculi
1212 604 1283 665 octa

186 724 247 787 que
277 701 371 766 initio
401 701 539 786 scriptos
568 725 638 767 esse
667 705 767 768 libros
795 703 1017 788 logistoricos:
1049 726 1108 768 neo
1137 705 1223 768 enim
1245 704 1283 770 ini

185 831 361 892 paucorum
393 831 552 874 annorum
586 811 728 894 spatium
763 810 903 894 scriptos
937 832 1008 875 esse
1045 832 1158 875 omnes
1195 818 1283 894 oport

185 915 390 1001 Argumenta
413 921 522 981 autem
546 917 667 1001 partim
691 916 730 980 de
754 915 860 980 ethico
885 937 1012 1001 genere,
1034 917 1155 1000 partim
1174 917 1212 981 de
1230 916 1283 982 hist

185 1023 252 1086 rico
276 1023 380 1106 petita
404 1027 488 1088 sunt.
537 1022 748 1088 Sermonesne
772 1022 1026 1106 colloquentium
1054 1044 1126 1087 esse
1149 1021 1282 1089 Varror

135 1153 171 1196 ιν
185 1129 284 1193 luerit
302 1151 344 1193 an
363 1152 438 1196 suas
457 1131 557 1215 ipsius
578 1132 749 1196 continuas
769 1129 1014 1214 disputationes,
1037 1151 1104 1194 non
1123 1130 1203 1194 satis
1221 1129 1283 1214 liqu

186 1233 248 1300 Sed
272 1259 372 1300 unum
394 1237 619 1322 logistoricum
638 1237 786 1321 pluribus
805 1236 951 1320 potuisse
970 1235 1064 1300 libris
1084 1235 1243 1320 distribui,
1261 1259 1283 1300 u

184 1343 240 1408 vix
263 1344 417 1429 ambiguo
442 1345 589 1429 exemplo
613 1343 824 1428 intellegitur.
890 1406 896 1415 ,

274 1449 391 1514 Paucis
420 1450 465 1514 rei
494 1473 652 1515 summam
681 1449 850 1514 universae
882 1449 1045 1539 complexi
1076 1471 1196 1514 sumus.
1243 1447 1283 1514 Na

186 1578 267 1640 quae
296 1557 463 1640 posuimus
492 1558 600 1622 omnia
628 1579 692 1621 non
720 1561 790 1620 tam
819 1556 915 1619 certis
939 1555 1111 1640 planisque
1134 1558 1283 1622 testimon

186 1664 405 1743 declarantur,
438 1686 534 1747 quam
563 1687 580 1728 e
604 1663 797 1748 promiscuis
826 1683 863 1727 ac
887 1684 983 1746 saepe
1006 1663 1160 1727 tenuibus
1184 1664 1283 1749 vestig

186 1770 323 1834 invicem
347 1771 433 1835 inter
457 1792 490 1834 se
514 1772 642 1836 collatis
663 1771 870 1856 colliguntur,
893 1769 949 1833 sed
967 1772 1005 1833 ut
1023 1773 1143 1855 tamen,
1167 1770 1283 1856 quoda

186 1881 266 1960 quot
289 1877 445 1960 exemplis
469 1877 563 1961 plene
587 1882 621 1943 et
644 1878 810 1942 evidenter
834 1879 980 1961 apparet,
1002 1898 1068 1941 non
1092 1877 1211 1941 iniuria
1232 1878 1283 1941 etir

186 1983 227 2047 ad
254 2005 293 2047 ea
320 1984 448 2051 traduci
476 1985 635 2067 videatur,
668 1985 706 2049 de
735 1985 854 2069 quibus
883 1984 1059 2048 memoriae
1087 1984 1151 2048 fide
1180 2006 1283 2068 erpa

185 2093 314 2154 tantum
338 2094 474 2155 constat
520 2091 569 2156 Ac
597 2092 746 2176 geminae
774 2090 996 2175 inscriptionis
1019 2090 1192 2155 consilium
1214 2092 1283 2175 ipsu

186 2217 247 2278 que
271 2196 534 2281 logistoricorum
558 2221 678 2263 nomen
701 2198 781 2263 haec
804 2201 976 2281 testantur,
999 2219 1081 2281 quae
1101 2198 1189 2262 infra
1206 2197 1283 2282 scrip

186 2325 258 2367 mus
278 2325 350 2367 cum
370 2305 411 2368 iis
429 2305 627 2369 testimoniis
647 2305 838 2388 composita,
857 2303 974 2388 quibus
990 2303 1081 2387 pleni
1096 2303 1185 2368 tituli
1200 2305 1283 2389 quib

186 2432 248 2494 que
271 2410 522 2495 compendifacti
546 2412 716 2496 prodeunt.

283 2517 308 2581 Ι.
347 2517 469 2582 Gellius
494 2519 550 2603 IV,
569 2521 621 2584 19:
648 2519 692 2583 M.
714 2518 813 2582 Varro
835 2519 870 2581 ia
893 2516 1064 2600 lopistm'co
1088 2518 1144 2598 qui
1166 2518 1283 2599 irasmi>

345 2631 389 2691 est
411 2626 524 2691 Catus
547 2633 602 2690 out
624 2629 664 2691 dc
688 2627 821 2690 liberis
843 2626 1052 2690 educandis,
1084 2623 1176 2688 idem
1191 2623 1283 2707 XX‚l

345 2735 379 2796 ia
400 2735 569 2816 lapistorico
586 2735 631 2800 M.
648 2735 798 2799 Varronis
814 2734 869 2815 qui
883 2733 1061 2797 inscribitur
1076 2730 1179 2796 Cotus.
1203 2730 1235 2795 N
1237 2755 1283 2796 on

347 2842 465 2924 septies
485 2847 518 2905 et
537 2843 662 2906 tricies:
692 2841 792 2905 l'arro
812 2841 887 2906 Cato
909 2841 955 2905 vel
972 2841 1008 2904 de
1032 2839 1136 2903 liberes
1159 2840 1283 2903 maran<

346 2945 431 3010 Hinc
446 2947 663 3011 emendandus
679 2946 863 3012 Macrobius
879 2947 944 3011 Sat.
958 2946 1016 3026 ΠΙ,
1027 2946 1060 3011 6:
1083 2947 1224 3009 olorinit
1239 2945 1283 3009 lu

345 3072 420 3116 arae
442 3059 470 3116 ct
492 3053 567 3118 Calo
590 3054 626 3117 dc
649 3053 751 3118 liberas
773 3054 955 3118 educaudis:
984 3052 1074 3116 ouius
1099 3053 1175 3117 libri
1199 3075 1283 3136 prou

258 3225 266 3245 ,
345 3158 494 3222 solitaria
521 3160 686 3223 memoria.
733 3158 944 3224 Scribendum
973 3180 1043 3222 esse
1071 3165 1100 3223 et
1128 3159 1283 3224 Varrotl

345 3267 381 3330 dc
405 3266 424 3330 l.
447 3287 470 3330 e.
495 3265 576 3330 vidit
599 3265 787 3331 Krahnerus
811 3267 849 3331 de
873 3266 968 3331 Varr.
992 3267 1091 3350 antiq.
1115 3289 1145 3351 p.
1171 3268 1220 3331 11.

270 3370 311 3435 ΙΙ.
348 3371 472 3437 Probus
496 3374 530 3437 in
553 3371 651 3458 Verg.
675 3373 786 3438 Bucol.
811 3371 868 3457 VI,
891 3374 931 3437 31
958 3396 987 3456 p.
1007 3373 1072 3438 354
1096 3372 1201 3437 bion:
1230 3373 1283 3437 Ver

344 3481 377 3543 in
398 3480 566 3562 lapistorico
579 3502 668 3562 prtem
681 3481 839 3562 imoapsit
852 3480 1033 3545 Messalla
1051 3481 1092 3544 dc
1109 3481 1283 3545 valetudo

251 3583 309 3647 ΙΙΙ.
347 3583 435 3648 Idem
459 3585 593 3650 ibidem:
624 3587 723 3650 Varro
746 3588 780 3649 in
804 3586 973 3668 lapistorico
991 3589 1045 3669 qui
1063 3587 1283 3652 irescnbiturl

345 3690 427 3755 bero
454 3694 494 3755 dc
521 3695 665 3775 criptae
692 3693 862 3757 bumana.
908 3692 1103 3780 Censorinus
1128 3694 1166 3758 de
1190 3694 1240 3758 die
1259 3717 1283 3760 ni

346 3819 371 3860 c.
395 3798 430 3862 9:
460 3798 615 3863 Varroni.
631 3850 638 3864 .
654 3852 660 3865 .
675 3803 709 3864 iu
733 3801 810 3864 libro
832 3801 887 3880 qai
908 3806 1032 3865 vaano
1057 3801 1175 3866 Tubero
1197 3806 1226 3866 et
1246 3804 1283 3867 im

344 3906 523 3970 inscribitur
545 3909 582 3971 de
604 3910 721 3992 ciffos
742 3909 889 3972 bitulona

253 4008 309 4074 IV.
345 4011 434 4077 Idem
463 4036 483 4078 a
507 4013 677 4080 Duebnero
707 4038 811 4100 nuper
840 4015 944 4080 editus
973 4014 1006 4079 in
1035 4015 1147 4080 diariis
1170 4016 1283 4083 Parisii

345 4118 471 4184 ‘Revue
495 4122 533 4185 de
557 4121 745 4207 philologio,
768 4123 807 4187 de
830 4123 1014 4186 litterature
1032 4127 1066 4184 et
1084 4121 1283 4191 d’histoirer

346 4226 489 4291 ciennes'
513 4228 620 4294 fasal
640 4253 670 4313 p.
685 4231 740 4293 23:
770 4230 870 4293 Varro
895 4230 928 4292 in
953 4229 1123 4312 lapistorico
1145 4232 1201 4310 qui
1223 4233 1283 4297 inse

344 4333 426 4396 bitur
448 4334 561 4399 (turio
589 4338 629 4400 dc
652 4338 799 4400 deorum
822 4336 931 4400 cultu.
979 4336 1185 4421 Augustinus
1209 4337 1283 4403 deo

345 4438 394 4502 dei
419 4439 496 4523 VH,
520 4443 554 4506 9:
594 4444 692 4507 Varro
714 4445 749 4506 io
771 4465 804 4506 ro
827 4443 904 4508 lrbro
931 4463 1021 4524 quern
1043 4462 1179 4508 scoram
1203 4443 1283 4511 ata
