2932 5026
434 343 512 392 srva
537 344 785 392 nasoonsovu
809 345 912 392 aram.
1179 330 1245 393 545

113 476 209 569 loqui)
220 485 441 569 prooemiaudi
456 488 659 552 occasionem
674 488 894 552 tractabamus
909 489 1021 571 [supra
1035 510 1065 571 p.
1076 487 1141 553 508
1152 490 1245 573 sqq.],

108 606 207 671 nuper
229 590 294 675 ipsi
324 593 448 676 experti
478 615 599 658 sumus.
652 594 717 658 Vbi
748 616 821 659 cum
856 594 896 658 de
925 591 1143 676 Imaginem
1177 594 1246 659 siva

104 690 390 764 Hebdomadum
408 699 523 764 libris
542 699 785 766 M.Varronis
806 700 1075 785 quaesivissemus
1095 702 1246 785 adquam

102 803 270 883 qualemve
285 806 429 870 ordinem
441 805 626 871 viderentur
640 806 789 890 dispositi
803 807 913 888 fuisse,
928 830 966 871 ea
980 808 1052 891 ipsa
1066 807 1246 891 disputatio

99 902 311 977 Lvnovrcvn
329 911 585 993 Mnacamnvn,
608 912 738 978 doctum
759 913 861 977 virum
881 918 913 977 ot
931 918 1075 995 acutum,
1098 914 1249 978 invitavit

99 1017 139 1076 ut
163 1016 196 1082 in
217 1018 330 1084 eodem
352 1024 545 1103 argumento
569 1019 673 1084 denuo
698 1024 892 1084 versaretur:
923 1020 955 1083 id
984 1020 1068 1103 qnod
1092 1020 1147 1084 ille
1170 1020 1249 1085 fecit

99 1116 135 1181 in
162 1120 522 1190 ‘Animadversionibus
545 1125 584 1188 de
608 1125 820 1190 Varronianis
844 1124 1139 1210 Hebdomadibus',
1166 1150 1248 1211 quas

98 1219 206 1295 Indici
228 1231 412 1297 scholarum
436 1232 606 1316 praemisit
629 1219 828 1316 perannum
854 1231 1093 1297 MDCCCLVII
1121 1233 1155 1296 in
1179 1233 1248 1298 uni-

101 1336 255 1403 versitate
264 1337 461 1423 Dorpatensi
476 1339 701 1404 habendarum
717 1342 758 1419 [v.
774 1362 804 1422 p.
819 1340 885 1403 530
895 1340 986 1421 sqq.].
1014 1337 1061 1402 Et
1075 1340 1248 1404 maximam

102 1438 230 1516 quidem
245 1450 369 1530 partem
385 1468 510 1527 eorum,
534 1468 616 1530 quae
639 1446 864 1509 ratiocinando
884 1445 1027 1509 effecisse
1046 1446 1140 1509 nobis
1162 1445 1248 1510 vida·

102 1536 216 1614 bamur
238 1555 274 1615 ut
296 1551 417 1616 similia
440 1552 517 1634 veri,
540 1573 605 1615 non
629 1552 698 1615 sine
722 1552 890 1635 voluptate
913 1552 1050 1615 vidimus
1071 1551 1112 1615 ab
1135 1551 1192 1615 illo
1216 1556 1250 1615 et

10 1660 15 1687 ¹
102 1651 232 1724 proban
245 1662 279 1721 et
291 1659 384 1722 novis
404 1658 604 1744 argumentis
624 1658 761 1723 firmari:
781 1658 940 1741 quaedam
960 1679 1018 1721 nec
1036 1679 1075 1722 ea
1093 1659 1177 1722 l'evia
1196 1657 1249 1723 vel

102 1750 285 1827 addubitas
302 1763 353 1828 vel
371 1763 561 1848 improbari.
598 1763 635 1827 ln
655 1763 706 1827 bis
722 1768 840 1847 autem,
855 1786 937 1848 quae
952 1764 1076 1843 reiecit,
1091 1764 1154 1828 duo
1173 1769 1250 1827 sunt

100 1868 216 1935 tfflvia
246 1873 376 1953 praeter
405 1876 513 1936 cetera
545 1876 577 1935 et
606 1870 647 1935 ad
680 1870 869 1955 disponendi
903 1871 1063 1935 rationem
1091 1869 1249 1935 Varronis
1278 1899 1280 1903 ·

95 1975 357 2072 ltrspieiendam
385 1977 535 2061 inprimis
564 1978 673 2042 utilia:
712 2000 849 2061 quorum
873 1978 1010 2041 alterum
1040 1976 1080 2040 ad
1104 1977 1249 2060 ipsarum

90 2081 281 2165 Jfflaginum
315 2106 486 2148 numerum
522 2085 708 2148 universum
746 2088 885 2166 spectat,
922 2083 1062 2148 alterum
1100 2083 1141 2147 ad
1178 2105 1250 2147 earn

10 2194 14 2221 ²
85 2174 330 2273 ⁸0s1emquam
353 2190 439 2255 inter
456 2194 565 2255 cetera
588 2190 692 2254 laudis
715 2190 875 2254 humanae
895 2210 1014 2274 genera
1032 2189 1250 2254 architectura

80 2274 290 2359 0btinuerie.
334 2296 383 2361 Ac
415 2296 454 2360 de
486 2297 543 2361 illo
577 2296 661 2380 quod
694 2297 764 2379 ipse
794 2295 991 2361 Mercklinus
1023 2297 1153 2379 statuit,
1186 2318 1249 2380 quo

74 2373 264 2465 lubentius
287 2401 429 2466 fatemur
452 2424 585 2487 prorsus
609 2403 704 2466 nobis
729 2425 919 2486 persuasum
941 2425 1020 2483 esse,
1043 2424 1080 2466 eo
1104 2402 1249 2466 tenacius

70 2484 257 2570 luendum
280 2507 420 2572 alterum
445 2513 477 2571 et
500 2508 541 2572 ab
571 2508 659 2572 illius
691 2508 872 2591 suspitione
897 2507 1125 2571 vindicandum
1150 2507 1247 2571 senti-

64 2605 187 2676 mus,
221 2612 307 2688 Quae
331 2636 382 2678 res
406 2637 479 2678 cnm
508 2615 614 2700 qualis
645 2615 689 2678 sit
712 2615 992 2698 exprlicaverimus,
1020 2618 1077 2677 aut
1103 2613 1249 2677 fallimur

61 2707 150 2768 ΜΞ
190 2718 280 2784 simul
309 2742 383 2804 spes
412 2726 463 2785 est
492 2722 559 2785 fore
589 2728 625 2786 ut
654 2723 693 2786 ad
719 2744 826 2785 veram
851 2720 1035 2803 Imagiuum
1064 2720 1249 2803 imaginem,

58 2817 258 2889 quantum
286 2826 417 2910 quidem
443 2828 512 2892 fieri
537 2827 747 2892 coniectando
771 2833 894 2911 potest,
922 2828 1087 2910 aliquanto
1115 2826 1248 2909 propius

56 2923 302 2997 afficeremus.

57 3112 63 3123 ι
193 3038 335 3104 Primum
372 3040 473 3123 igitur
510 3041 548 3104 de
587 3064 720 3104 numero
758 3042 1010 3124 compositarum
1048 3064 1067 3104 a
1103 3037 1249 3102 Varrone

55 3132 281 3229 {Qaginum
319 3168 391 3210 cnm
428 3145 526 3210 Plinii
565 3149 664 3211 verba
701 3149 975 3231 septingentas
1015 3147 1166 3210 testantis
1203 3145 1250 3208 ita

56 3236 309 3334 ltl1⁸·erpretati
330 3274 483 3334 essemus,
506 3258 543 3316 ut
563 3253 602 3316 ad
621 3254 750 3336 plenam
771 3253 825 3317 ille
846 3275 1003 3316 sunnnaur
1024 3251 1250 3334 centenariam,

59 3342 221 3440 quippe
254 3359 287 3421 in
320 3359 424 3422 solam
454 3357 672 3422 multitudinis
700 3360 867 3423 notionem
895 3360 1051 3437 intentus,
1085 3358 1249 3421 liberalius

65 3446 230 3526 *uriae
254 3485 327 3527 eum
351 3487 520 3528 numerum
545 3470 726 3548 putaretur,
750 3467 815 3548 qui,
840 3466 866 3527 si
891 3465 930 3527 ad
955 3464 1109 3526 annrssirn
1133 3463 1250 3526 calculi

70 3551 369 3653 thducerentnr,
407 3572 495 3635 intra
527 3576 750 3636 sexcentarum
785 3572 950 3654 octoginta
984 3593 1038 3633 sex
1071 3569 1250 3653 imaginum

78 3646 181 3738 filies
205 3676 411 3740 subsisteret:
440 3680 491 3742 tot
515 3678 600 3741 enim
624 3678 823 3758 efficiuntur,
850 3676 906 3740 ubi
933 3676 984 3739 bis
1009 3680 1132 3757 septem
1156 3675 1249 3738 libris

89 3771 240 3865 Riugulis
264 3783 409 3865 septiens
433 3787 584 3865 septenas
615 3784 772 3867 imagines
797 3783 987 3846 distributas
1015 3783 1115 3845 fuisse
1140 3783 1246 3846 nobis·
1262 3802 1295 3841 1v

10 3948 12 3953 .
101 3896 176 3951 llum
199 3887 388 3953 credideris:
412 3889 445 3953 id
470 3889 600 3971 quidem
624 3890 688 3954 iam
708 3889 782 3953 aliis
807 3895 882 3953 ante
901 3887 1115 3952 blerclrlinum
1140 3887 1250 3972 displi-

104 3993 205 4057 euisse
228 3999 398 4058 narratum
422 3999 472 4057 est
490 3994 594 4058 Musei
618 3994 729 4077 philol.
750 3994 811 4058 XII
836 4019 865 4078 p.
889 3995 950 4057 154
976 3997 1088 4075 {supra
1111 4018 1141 4076 p.
1161 3996 1250 4074 5291.
1326 4040 1329 4045 ,

107 4092 188 4164 Nam
218 4101 267 4164 ita
299 4101 384 4184 quod
418 4102 577 4185 reliquum
611 4105 661 4164 est
695 4103 727 4165 in
761 4101 857 4165 Plinii
890 4101 1145 4183 computatione,
1178 4123 1249 4164 cum

10 4210 26 4283 τ’]
107 4201 209 4288 ipsum
233 4208 453 4290 septenarium
477 4230 645 4270 numerum
674 4208 724 4270 bis
749 4212 873 4289 septem
902 4207 1080 4288 imaginum
1106 4212 1251 4272 servaret

106 4312 157 4396 qui
185 4334 244 4395 per
272 4318 378 4376 totum
407 4333 487 4394 opus
512 4311 753 4377 Varronianum
781 4318 946 4397 regnaret,
975 4314 1029 4376 vix
1057 4313 1120 4377 hoc
1149 4314 1250 4377 videri

103 4418 191 4481 casui
232 4419 333 4483 tribui
373 4440 469 4502 posse
510 4417 713 4483 Lvnovrcvs
753 4419 964 4483 Vanrcnsrvs
1002 4419 1249 4500 blnasruvsque

157 4541 199 4575 sa.
215 4540 363 4576 arrscssnu
378 4541 511 4575 oevaevu
527 4543 567 4577 ru.
950 4528 983 4574 35
