2956 5018
381 358 623 420 ovissmouus
648 360 981 411 omousrouoomsu.
1186 345 1252 411 315

143 502 357 582 ’Καλόλωροο
381 500 602 568 Calidorus:
630 503 817 569 adulescens
841 503 1002 572 Pseuduli.
1047 504 1122 570 Nou
1146 507 1254 570 miuus

174 614 241 674 recte
262 632 357 694 quam
377 633 397 674 a
415 610 533 675 κὰλλο(
552 610 712 676 ducuntur
732 612 915 677 unitivum
934 611 1161 691 *Καλλιδωροε
1180 636 1253 679 οιιιιι

177 715 308 781 similium
331 738 432 801 prope
456 715 586 779 infinita
607 715 825 798 multitudine,
849 717 889 781 ad
912 717 1008 782 suto<
1028 719 1182 801 pauciora
1201 742 1252 784 ex·

176 821 261 905 euplo
287 822 424 888 redeunt
451 824 562 908 qualia
590 830 666 889 sunt
690 824 845 902 Καλονικη
874 819 983 907 (idque
1007 824 1252 911 Aristophanis)

181 930 365 994 Καλοκλείλα(
391 929 568 996 Καλόξενο(
594 930 792 995 Καλοπόδιο(
813 929 1008 1009 Καλότυχοεῑ
1033 931 1253 996 adsciverunt-

180 1056 224 1119 que
241 1056 305 1100 cam
329 1035 558 1102 formationem
578 1037 676 1101 otiam
696 1036 844 1120 Romani,
868 1038 958 1102 volut
973 1038 1168 1118 Καλόκαιρο(
1186 1039 1252 1104 fao-

181 1145 231 1205 tun
255 1146 300 1207 est
327 1140 512 1208 Colocacmrs
539 1142 565 1209 l.
593 1143 632 1208 u.
654 1143 695 1210 N.
723 1145 819 1209 6803.
844 1146 939 1210 6844.
988 1132 1113 1209 Rursus
1143 1151 1251 1210 autom

181 1269 250 1330 quen
274 1247 312 1313 ad
342 1250 473 1315 modum
498 1254 668 1333 Δημοφῶν
693 1255 880 1332 Κλειτοφῶν
907 1250 1106 1315 transierunt
1133 1252 1169 1315 in
1190 1252 1251 1318 Dc·

181 1353 257 1435 miplu
275 1355 421 1439 Clitipho,
451 1357 497 1421 ita
525 1378 655 1440 prorsus
684 1358 893 1433 &rotomaco
919 1356 1110 1435 Καλόδωροε
1135 1359 1172 1421 fit
1195 1359 1253 1424 Ua

184 1457 277 1526 lucus.
320 1463 430 1547 Atque
458 1464 505 1528 sio
533 1465 687 1548 scriptum
715 1485 834 1528 nomen
862 1485 918 1546 per
941 1460 1138 1528 Pseudulum
1160 1466 1252 1531 fabu-

182 1563 230 1662 lum
253 1568 388 1654 septiens
419 1576 525 1636 exstat
556 1573 590 1636 in
623 1570 741 1635 Vetere
774 1570 896 1653 codice,
928 1571 1007 1634 item
1040 1572 1184 1654 septiens
1216 1574 1250 1637 in

182 1668 333 1761 Dccurtato,
356 1678 492 1743 noviens
515 1680 548 1744 in
567 1677 726 1743 Vaticano
751 1678 829 1764 (nisi
853 1677 939 1762 quod
963 1678 1061 1743 semel
1086 1683 1120 1744 et
1142 1679 1194 1744 hio
1218 1687 1251 1745 et

183 1773 345 1848 Daumius
370 1785 619 1851 immemorabili
643 1785 738 1869 lapsu
757 1784 950 1850 (luiticiorum
974 1784 1108 1870 dicunt),
1128 1785 1177 1849 bis
1202 1784 1254 1870 (ut

184 1883 282 1964 quiden
300 1890 405 1956 risum
427 1889 489 1976 est)
512 1892 755 1958 Ambrosianus.
793 1890 916 1957 Contra
938 1895 1052 1975 quater
1076 1893 1109 1955 in
1124 1891 1252 1972 Vetere,

185 1990 449 2081 lerichourtato,
469 1999 568 2062 semel
587 1999 622 2062 in
636 1997 799 2064 Vaticano
814 1997 985 2081 Cblpclomis
1004 1996 1133 2082 legitur,
1151 1997 1251 2063 idem-

185 2114 229 2172 l¹1⁰
248 2100 472 2169 Ambrosianus
501 2108 533 2169 et
557 2105 612 2187 IV,
635 2109 661 2188 1,
683 2108 704 2171 ‘2
726 2104 821 2191 (906)
847 2105 978 2169 exhibet
1003 2107 1036 2169 et
1058 2104 1249 2189 Argumenti

186 2196 234 2264 alle
250 2226 335 2274 manu
359 2210 472 2294 scripti
496 2233 590 2275 versu
618 2213 666 2277 15.
711 2216 782 2289 Quo
806 2235 877 2278 cum
903 2212 1067 2277 accederet
1090 2211 1189 2276 semel
1214 2235 1251 2276 ex

187 2304 270 2375 bidem
282 2314 496 2381 Ambrosiano
517 2316 541 2401 I,
560 2319 669 2401 3,149
689 2316 785 2404 (383)
808 2319 972 2404 proditum
992 2320 1151 2397 Callidum,
1175 2318 1252 2384 binc

185 2413 313 2489 Profectus
344 2421 570 2490 Fleckeiseuus
603 2425 708 2491 Musei
740 2424 843 2491 Rhea.
871 2429 893 2490 t.
921 2424 1002 2489 VIII
1030 2448 1060 2510 p.
1088 2426 1153 2491 228
1186 2448 1249 2490 nou

187 2512 232 2580 fllia
249 2525 301 2591 uisi
325 2528 389 2593 illa'
406 2529 477 2613 ipsa
496 2531 668 2597 Coludorus
689 2533 795 2598 forma
814 2556 906 2597 usum
927 2555 996 2597 osse
1016 2533 1169 2597 Plautum
1189 2533 1250 2596 sibi

186 2634 318 2699 PssrruasIt
365 2634 440 2700 Nou
469 2639 662 2702 obstinatius
692 2641 818 2724 negabo
848 2639 917 2702 fiori
946 2639 1089 2720 potuisse
1115 2644 1151 2704 ut
1174 2640 1207 2704 in
1230 2662 1251 2703 ιι

186 2728 303 2804 transiret
330 2762 448 2826 graeca
471 2766 489 2808 o
514 2745 648 2809 vocalis:
677 2746 733 2809 sed
756 2748 904 2830 exempla
927 2750 1051 2830 tamen,
1079 2768 1160 2830 quac
1184 2746 1252 2827 qui-

185 2827 237 2899 llffl
254 2846 337 2928 paria
361 2849 436 2932 siut,
459 2850 616 2933 desidero,
639 2874 697 2916 nec
717 2852 864 2916 dubitare
883 2853 973 2936 prius
992 2853 1136 2916 desinam
1156 2873 1252 2935 quam

184 2937 230 3003 ule
248 2953 398 3032 prodierit
419 2957 512 3040 quale
535 2957 697 3040 Dcmuplro
722 2960 770 3023 vel
791 2958 936 3041 Clituplro
955 2959 1005 3023 vol
1024 2959 1253 3024 Lemniselenis

185 3042 296 3124 futurum
324 3063 382 3146 sit,
410 3065 461 3127 vel
486 3064 723 3147 Dionysodorus
751 3066 984 3150 tlecrmupoluou
1011 3069 1253 3149 trupru'oruocclio

182 3167 330 3244 00ῐλροοιλα
353 3193 372 3233 a
396 3169 604 3236 Fleckeiseno
627 3171 730 3237 Musei
747 3173 847 3238 Rhea.
872 3175 891 3239 l.
908 3198 930 3238 s.
947 3199 980 3257 s,
1004 3175 1054 3238 vel
1079 3175 1252 3239 Nicobulus

182 3255 339 3341 «liniamus
360 3299 433 3342 cum
456 3279 608 3343 affinibus
632 3280 796 3365 ceteris*).
830 3279 914 3345 Nam
939 3282 978 3344 de
1001 3302 1118 3366 gracco
1143 3281 1250 3364 aliquo

182 3360 341 3462 llllliburooc
365 3385 508 3465 nomine,
533 3408 595 3469 quo
615 3408 816 3451 communem
841 3408 912 3451 cum
939 3389 1091 3451 Καλυδών
1115 3389 1251 3470 stirpem

181 3466 316 3572 habuerit,
349 3491 455 3573 ipsum
490 3490 732 3557 Fleckeisenum
764 3517 830 3558 non
864 3493 1001 3576 amplius
1035 3494 1251 3577 cogitaturum

179 3588 352 3678 crediderim,
390 3597 467 3679 quia
500 3600 546 3662 ita
578 3599 688 3683 aliqua
720 3602 793 3682 ιιῙρ-οξ
825 3600 1052 3664 terminatione
1086 3623 1166 3682 opus
1200 3600 1252 3682 sit,

179 3700 349 3769 tunnulis
372 3701 434 3766 suit
458 3704 490 3767 iu
514 3706 698 3770 nominibus
724 3708 873 3790 propriis.

148 3780 305 3885 *lurudpa
329 3804 525 3875 Canthara
549 3810 758 3897 (Commissi
783 3813 892 3876 nutrix
917 3814 1104 3896 Adelph0n3
1129 3850 1170 3859 -
1196 3837 1253 3878 au·

178 3901 242 3989 cilia,
261 3913 388 3998 Epidici
413 3915 470 3995 lv,
496 3920 522 3999 1,
545 3920 603 4002 403
631 3956 665 3963 —
693 3920 771 3983 item
795 3920 937 3984 Andriae
961 3919 1017 4002 IV,
1037 3923 1067 4001 4,
1086 3921 1129 3985 30
1148 3920 1242 4006 (769)

198 4096 315 4165 'll'uum
342 4109 470 4177 memini,
498 4111 573 4179 quod
599 4112 653 4165 huo
680 4113 817 4182 quispiam
846 4112 960 4178 referat,
988 4113 1129 4181 proditum
1154 4112 1252 4168 Militis

148 4173 230 4247 gloriosi
250 4214 272 4252 ι.
293 4204 326 4251 14
351 4198 379 4251 ιιι
399 4199 476 4252 libris
496 4201 869 4264 elulremistoridisurcbidis,
893 4200 966 4254 unde
985 4202 1068 4256 facile
1087 4202 1252 4256 ratiocinare

149 4259 486 4358 cIll¹¹memor-sapsarebelles·
505 4289 599 4359 potius
619 4290 792 4343 alliciendum
813 4306 873 4342 esse
893 4307 984 4357 quarn,
1004 4290 1078 4357 quod
1097 4307 1149 4359 ego
1164 4292 1252 4359 posui,

149 4349 491 4447 Quaestoridysarcuiues.
529 4377 583 4432 Sed
610 4379 637 4430 in
662 4378 747 4432 tantis
771 4377 824 4431 loci
849 4376 924 4430 illius
949 4377 1112 4446 corruptelis
1135 4382 1253 4445 apparet

150 4454 187 4499 ¹¹⁰⁰
201 4470 248 4513 esse
264 4463 343 4517 unius
364 4463 506 4519 litterulae
525 4465 591 4521 fidei
609 4466 725 4520 nimium
746 4465 931 4520 tribuendum.
