2932 5026
444 358 487 405 zu
512 357 775 405 uxruiuiscuux
799 357 972 405 AUTOREN.
1216 342 1279 406 827

308 658 363 748 17)
396 662 449 727 Za
480 660 651 727 Plinius’
681 660 1114 749 Kunstgeschichte.*)

222 820 392 886 Nachdem
424 821 552 886 Plinius
583 820 624 887 N.
652 821 692 886 ll.
720 821 858 906 XXXV,
888 823 908 886 9
941 827 961 905 5
989 824 1033 887 36
1070 846 1144 887 vom
1176 821 1335 892 Malerrrs

135 928 354 1013 Apollodorus
374 928 583 1014 gesprochen,
602 929 682 1013 geht
700 950 735 993 er
758 928 816 993 auf
832 928 974 994 Zeuxis
994 931 1073 994 llbcr
1092 930 1153 994 mit
1172 929 1281 994 diesen

133 1036 288 1101 Worten:

295 1141 347 1208 Ab
379 1143 441 1208 hoc
471 1142 552 1207 artis
584 1142 669 1228 fores
698 1147 826 1226 apertas
855 1142 970 1207 Zeuxis
999 1140 1208 1207 Heracleotes
1237 1143 1282 1207 in·

224 1250 328 1314 travit
364 1249 560 1333 olympiadis
596 1249 827 1334 nonagesimae
869 1249 999 1333 quintae
1036 1271 1121 1314 anno
1163 1255 1281 1334 quarto
1360 1316 1364 1325 ,

225 1357 461 1441 audentemque
488 1356 554 1419 iam
578 1355 700 1439 aliquid
726 1356 913 1439 penicillum
937 1406 944 1420 .
968 1405 975 1421 .
999 1406 1006 1420 .
1030 1407 1037 1420 .
1064 1356 1104 1420 ad
1129 1378 1281 1442 magnam

225 1465 362 1551 gloriam
386 1462 547 1547 perduxit,
571 1485 591 1526 a
614 1463 808 1547 quibusdam
832 1463 915 1527 falso
940 1463 972 1527 iu
992 1461 1160 1527 LXXXIX
1179 1463 1280 1547 olym·

224 1570 320 1655 piade
356 1570 496 1654 positus,
540 1592 611 1634 cum
656 1569 754 1634 luisse
791 1591 922 1635 necesse
961 1573 1012 1633 est
1050 1569 1281 1654 Demophilum

224 1676 433 1741 Himeraeum
457 1680 489 1739 et
507 1674 647 1740 Neseam
666 1675 833 1759 Thasium,
857 1676 1019 1760 quoniam,
1042 1677 1146 1741 utrius
1170 1698 1281 1742 eorum

226 1782 403 1867 discipulus
427 1782 538 1865 fuerit,
562 1783 749 1868 ambigitur.

226 1890 307 1954 Hier
332 1889 451 1954 nimmt
479 1911 545 1953 nun
569 1887 686 1976 Sillig
716 1892 760 1955 im
785 1889 887 1956 Ostal.
911 1889 996 1955 artif.
1024 1913 1054 1973 p.
1077 1889 1189 1956 459ffi
1217 1891 1281 1955 und

134 1999 272 2064 seitdem
282 1997 364 2062 auch
379 1997 412 2061 in
427 1997 532 2060 seiner
543 1995 696 2081 Ansgabe
711 1997 761 2061 die
772 1997 853 2062 Zahl
866 1997 989 2062 LXXI
987 1997 1022 2061 X
1033 1997 1086 2061 fur
1095 1998 1283 2063 LXXXIX

133 2129 194 2172 aus
217 2103 472 2169 Handschrilten
496 2103 554 2166 auf
574 2103 638 2167 und
667 2103 872 2187 rechlfertigt
899 2103 966 2169 dies
995 2128 1048 2169 am
1072 2110 1179 2170 ersten
1203 2104 1282 2171 Orte
1295 2133 1336 2173 us

134 2212 196 2277 mit
214 2212 277 2276 den
295 2211 448 2275 Worten:
472 2208 538 2274 ‘Ex
558 2210 684 2295 vulgari
705 2211 867 2294 scriptura
890 2211 1133 2299 duodetriginta
1155 2217 1282 2278 tantuin

135 2320 214 2385 anni
236 2318 410 2403 prodeunt,
434 2317 551 2400 quibus
576 2339 653 2381 sanc
677 2315 792 2381 Zeuxis
815 2318 962 2384 floruerit
984 2323 1127 2404 oportet,
1150 2323 1187 2384 ut
1208 2319 1282 2383 reli-

136 2448 202 2511 qua
233 2424 273 2489 de
309 2422 574 2508 praeceptoribus
607 2423 706 2488 verba
737 2424 845 2508 inepte
877 2429 1006 2490 tanturn
1038 2425 1149 2491 addita
1181 2423 1281 2489 videri

134 2534 286 2618 possent,
322 2534 434 2595 nostra
467 2553 542 2595 vero
579 2530 718 2595 lectione
757 2531 866 2614 opinio
904 2531 1175 2617 chronologorum
1209 2553 1282 2596 vere

136 2641 312 2721 refutatur,
354 2637 507 2722 quoniam
540 2638 581 2701 ab
618 2637 679 2701 hac
712 2638 753 2701 ol.
785 2660 885 2722 usque
918 2638 958 2702 ad
992 2637 1080 2703 XCV
1114 2638 1283 2724 sexaginta

135 2750 262 2831 septem
291 2743 427 2828 (warum
456 2743 547 2808 nicht
574 2741 674 2829 oclo‘l)
699 2745 776 2808 anni
811 2745 984 2828 orirentur,
1017 2745 1103 2829 quod
1126 2744 1281 2828 temporis

135 2854 281 2938 spatium
309 2851 366 2915 illa
394 2850 523 2934 quidem
547 2855 653 2915 aetate
659 2901 667 2934 ,
696 2874 760 2934 qua
787 2856 820 2916 et
847 2851 932 2915 inter
955 2852 1094 2917 Graecos
1118 2851 1292 2932 μακρόβιοι

135 2958 354 3042 rarescebant,
377 2957 493 3021 Zeuxis
516 2960 586 3021 arte
609 2979 668 3021 sua
686 2958 739 3021 vix
763 2959 889 3041 explere
911 2959 1027 3041 potuit.
1064 2958 1135 3024 Huc
1159 2958 1284 3023 accedit

135 3066 222 3152 quod
251 3063 368 3129 Zeuxis
400 3085 467 3127 non
500 3062 541 3126 ol.
569 3060 667 3145 XCV,
695 3063 716 3126 4
748 3064 889 3147 primum
921 3067 1023 3128 artem
1056 3065 1214 3149 exercuit,
1246 3068 1283 3129 ut

135 3173 238 3239 verba
266 3169 365 3235 Plinii
394 3168 536 3233 indicare
569 3173 714 3252 possent,
748 3170 802 3234 sed
831 3170 896 3234 iam
927 3173 1001 3235 ante
1029 3172 1149 3237 nobilis
1177 3172 1282 3237 lactus

133 3285 198 3363 ast,
231 3278 315 3363 quod
340 3299 378 3340 cx
402 3275 543 3359 pictura,
577 3298 674 3360 qnam
698 3274 917 3362 Archelao**)
951 3277 1097 3361 donavit,
1130 3278 1288 3362 colligere,

135 3389 228 3470 licet,
258 3390 295 3451 ut
327 3382 461 3468 proinde
493 3383 535 3447 ol.
564 3381 731 3448 LXXXIX
766 3383 898 3448 omnino
931 3406 997 3448 non
1029 3389 1108 3469 apta
1139 3384 1191 3448 sit.
1232 3383 1283 3448 Eo

135 3494 252 3559 melius
271 3493 385 3556 contra
403 3490 514 3553 omnia
537 3491 724 3573 procedunt,
747 3512 820 3554 cum
841 3489 1072 3573 Demophilum
1092 3495 1125 3555 et
1143 3489 1282 3555 Neseam

138 3602 180 3665 ol.
199 3597 336 3664 LXXIX
355 3596 502 3661 floruisse
522 3595 720 3662 statuimus?
752 3596 829 3662 Man
848 3597 943 3681 sieht,
966 3595 1064 3682 Sillig
1081 3597 1200 3661 nimmt
1223 3595 1284 3660 den

138 3705 215 3771 Sata
234 3704 295 3768 mit
312 3705 460 3786 quonium
479 3704 527 3768 als
541 3703 666 3768 Beweis
686 3704 738 3767 llir
755 3704 813 3768 das
832 3704 964 3786 insulso
983 3704 1131 3789 liegende
1145 3703 1284 3787 Urtheil,

137 3814 218 3880 oder
239 3812 300 3876 mit
327 3811 448 3875 andern
472 3810 622 3894 Worten,
650 3833 685 3875 er
713 3813 814 3877 lindel
840 3814 873 3877 iu
900 3814 973 3878 dem
1001 3833 1125 3898 ganzcn
1148 3810 1282 3876 Zusatze

137 3920 189 3985 die
218 3940 283 3984 ron
305 3917 430 3982 Plinius
458 3917 623 4003 gegebenc
648 3918 882 4005 Widerlegung
910 3918 1111 4003 derjenigen,
1138 3917 1189 3981 die
1220 3916 1283 3980 den

138 4025 255 4091 Zeuxis
278 4024 369 4090 nicht
392 4025 425 4089 in
445 4024 494 4088 01.
508 4024 551 4088 95
574 4028 706 4090 setzten.
743 4024 821 4090 Dies
844 4025 890 4090 ist
912 4026 990 4089 aber
1012 4023 1195 4109 sprachlich
1218 4024 1282 4088 und

227 4271 254 4342 r)
274 4269 383 4343 [anain.
403 4272 529 4332 nussum
549 4271 567 4325 r.
588 4271 688 4326 pauor.
708 4270 741 4324 u.
762 4270 792 4324 r.
811 4270 861 4325 au.
880 4270 919 4324 111
939 4273 1031 4340 (isis)
1051 4288 1077 4341 p.
1098 4276 1150 4326 ur
1164 4269 1205 4342 n]

212 4377 254 4447 ³¹)
272 4378 336 4434 Von
362 4377 405 4434 01.
425 4384 507 4447 91,³
532 4377 574 4432 bis
597 4384 645 4443 llo,
666 4384 695 4444 1,
722 4375 813 4447 nicht,
841 4376 894 4433 wie
918 4376 1000 4449 Sillig
1023 4377 1095 4449 will,
1121 4395 1177 4433 von
1200 4383 1283 4449 91,4

135 4469 181 4525 bis
202 4473 250 4536 95,
269 4474 293 4522 3.
